2570 4180
647 339 696 408 50
812 377 815 382 .

197 513 271 581 filie
294 513 472 594 Pharaonis,
504 537 574 598 quae
602 516 690 579 illum
722 513 890 596 adoptant,
918 524 952 578 et
978 513 1150 579 nominavit

196 597 330 674 Mosam,
345 597 446 672 idest,
462 611 615 662 servatum
629 601 670 663 ab
684 599 782 681 aquis.
880 643 887 682 3

652 717 702 782 83.

240 839 345 904 Moses
377 839 441 922 jam
468 857 571 912 senex,
597 841 724 920 jubente
746 841 825 917 Deo,
847 840 925 904 adiit
945 840 1155 919 Pharaonem,

198 924 228 988 ei
249 943 289 986 ue
304 921 464 1004 praecepit,
478 921 602 983 nomine
617 923 686 998 Dei,
700 935 735 988 ut
748 925 917 987 dimitteret
930 923 1094 988 Hebraeos.

290 1025 309 1068 x
323 1004 434 1086 impius
449 1003 550 1066 renuit
563 1001 670 1084 paiere
682 1007 834 1072 mandatis
848 1006 918 1070 Dei.

241 1087 358 1163 Moses,
379 1099 414 1149 nt
438 1086 606 1149 Pharaonis
620 1085 819 1166 pertinaciam
832 1089 981 1168 vinceret,
994 1090 1094 1154 multa
1114 1103 1148 1155 et

199 1181 249 1238 atu
291 1171 353 1234 uda
367 1171 465 1232 edidit
478 1167 629 1251 prodigia,
643 1187 714 1246 quae
727 1181 875 1232 vocantur
889 1173 991 1256 plagae
1007 1173 1146 1256 AEgypti.

277 1275 351 1318 uum
373 1251 569 1316 nihilominus
590 1249 710 1312 Pharao
742 1247 775 1310 in
803 1257 953 1312 sententia
986 1267 1147 1338 perstaret,

199 1335 286 1402 Deus
307 1333 463 1400 interfecit
494 1329 734 1415 primogenitum
765 1330 832 1413 ejus
861 1331 959 1394 filium
981 1349 1014 1398 ct
1040 1358 1149 1404 omnes

198 1418 421 1506 primogenitos
435 1415 659 1498 AEgyptiorum.

242 1501 384 1564 Tandem
406 1509 491 1562 metu
517 1499 616 1562 victus
640 1519 692 1562 rex
711 1497 822 1582 paruit,
835 1498 983 1584 deditque
1005 1501 1158 1586 Hebraeis

200 1581 382 1650 discedendi
398 1581 588 1646 facultatem.

656 1713 706 1771 84.

244 1805 379 1870 Profecti
402 1818 473 1870 sunt
486 1806 614 1870 Hebraei
636 1827 675 1870 ex
696 1805 833 1888 AEgypto
854 1805 894 1868 ed
915 1817 1061 1869 sexcenta
1081 1809 1136 1872 mii

201 1887 245 1952 lia
256 1889 398 1963 viromm,
413 1899 526 1968 praeter
540 1888 691 1968 parvulos,
706 1898 738 1950 et
752 1890 961 1968 promiscuum
974 1888 1095 1972 vulgus.

242 1969 308 2032 Illis
322 1969 553 2051 egredientibus
568 1970 699 2050 praeibat
722 1970 869 2035 columna
892 1973 984 2035 nubis
1007 1971 1155 2050 interdiu,

201 2061 235 2117 et
248 2050 394 2114 colmane
417 2051 498 2134 ignis
522 2063 627 2136 noctu,
653 2073 723 2134 quae
742 2064 824 2117 essct
836 2055 898 2118 dux
913 2056 994 2135 viae3
1016 2077 1076 2120 nec
1098 2078 1158 2119 un-

201 2153 295 2217 quam
309 2153 364 2216 per
378 2134 582 2218 quadraginta
596 2157 693 2199 annos
707 2136 807 2200 defuit
821 2138 875 2202 iila
888 2139 1044 2202 columna.

244 2216 318 2282 Post
332 2237 448 2299 paucos
470 2219 537 2280 dies
558 2219 723 2283 multitudo
738 2221 944 2286 Hebraeorum
958 2223 1156 2306 pervenitad

201 2301 275 2367 litus
289 2301 380 2366 maris
394 2300 503 2379 Rubri,
518 2303 623 2390 ibique
637 2315 740 2369 cestra
754 2306 866 2389 posuit.

651 2437 702 2496 85.

245 2513 334 2599 Brevi
358 2555 463 2616 regem
486 2537 629 2617 poenituit
650 2535 733 2618 quod
747 2546 793 2602 tot
810 2536 907 2601 millia
927 2535 1086 2600 hominum
1106 2535 1157 2597 di-

202 2618 344 2689 misisset,
366 2627 408 2690 et,
429 2619 565 2680 collecto
587 2621 706 2701 ingenti
727 2621 875 2697 exercitu,
897 2641 952 2682 eos
973 2631 1157 2700 persecutus
1217 2670 1220 2679 .

180 2723 183 2730 ⁴
203 2710 261 2758 est.

245 2775 383 2853 Hebraei,
398 2796 492 2856 quum
506 2777 654 2839 vidissent
668 2797 706 2838 ex
720 2779 782 2840 und
795 2790 881 2858 parte
904 2792 937 2837 se
961 2778 1038 2836 mari
1059 2781 1156 2841 inter·

202 2859 306 2924 clusos
333 2881 412 2935 esse,
440 2879 478 2918 ex
506 2857 603 2920 alteri
624 2868 710 2938 parte
732 2858 845 2918 instare
867 2858 1058 2918 Pharaonem
1080 2879 1153 2920 curn
1245 2903 1247 2908 -

203 2944 348 3008 omnibus
363 2942 471 3025 copiis,
486 2961 601 3024 magno
615 2941 723 3002 timore
738 2939 871 3020 correpti
887 2948 967 3002 sunt.

245 3029 337 3091 Tunc
361 3027 447 3089 Deus
471 3025 575 3088 Mosi:
597 3023 755 3106 protende,
777 3021 886 3101 inquit,
907 3024 1047 3086 dextram
1068 3033 1154 3087 tuam

202 3110 235 3172 in
250 3127 344 3182 mare,
358 3119 392 3171 et
411 3108 514 3170 divide
533 3127 638 3187 aquas,
652 3116 687 3167 ut
700 3105 762 3168 illae
777 3105 922 3169 Hebraeis
940 3105 1154 3189 gradientibus
1260 3159 1261 3162 ,

202 3189 262 3257 iter
276 3188 396 3255 siccum
409 3189 580 3272 praebeant.
1260 3197 1261 3222 1

657 3312 708 3370 86.

246 3413 337 3482 Fecit
366 3413 473 3478 Moses
503 3409 587 3493 quod
608 3409 744 3494 ¹jusserat
773 3413 881 3476 Deus:
910 3407 1004 3495 quum
1032 3422 1154 3476 teneret

200 3517 330 3566 ,manum
358 3507 516 3562 extensam
543 3513 635 3575 super
664 3515 759 3572 mare,
780 3516 870 3578 aque
891 3497 997 3562 divisae
1022 3505 1102 3573 suut,
1121 3504 1155 3560 et

203 3578 446 3645 iutmuercentes
460 3579 532 3645 hinc
546 3586 580 3642 et
593 3577 665 3642 inde
681 3579 869 3661 pendebant.
