2590 4194
471 393 591 440 rursm
614 392 806 448 eoaaooura.
1061 377 1120 440 11⁹

158 541 279 604 exitium
294 563 388 620 ruere,
399 563 455 605 uec
470 541 558 604 ullam
572 542 650 605 orbis
663 541 821 604 Christiani
836 553 949 622 partem
964 541 1126 604 inmunem

157 646 222 686 esse
238 647 256 686 a
269 626 337 686 belh
351 625 447 704 furiis3
468 647 537 687 nam
557 641 615 688 tres
637 626 677 688 illi
699 626 825 708 reliquos
839 645 943 686 omnes
957 624 1127 706 pertrahunt

157 707 186 768 in
201 708 269 770 belli
283 672 469 770 consortium
513 709 627 770 Omnes
642 730 706 771 esse
729 709 833 770 talibus
855 707 967 783 animis,
981 720 1015 768 ut
1036 726 1126 770 nemo

157 791 227 853 velit
242 792 322 852 alteri
338 793 461 854 cedere:
480 815 536 854 nec
546 793 678 867 Danum,
686 813 742 854 nec
753 791 911 868 ΡοΙοιιιιιιι,
923 812 979 853 nec
992 791 1125 866 Scotum,

157 895 213 934 nec
228 875 298 936 verb
312 875 467 938 Turcam
460 876 573 938 rnterim
588 897 654 937 esse
668 876 697 936 in
713 875 782 951 otio,
796 875 889 937 moliri
912 875 984 936 dira.
1028 872 1126 936 Pesti-

157 956 274 1018 lentianr
284 959 392 1040 ubique
403 960 515 1035 saevire,
524 960 602 1042 apud
613 958 771 1041 Hispanos,
781 959 857 1041 apud
869 958 1036 1034 Britannos,
1045 955 1126 1052 apud

77 1095 81 1108 ,
157 1037 255 1118 Italos,
271 1043 350 1122 apud
366 1042 476 1104 Gallos.
520 1043 572 1103 Ad
586 1042 649 1103 haec
671 1062 777 1104 novam
798 1063 863 1104 esse
900 1040 981 1103 luem
1003 1062 1042 1102 ex
1063 1039 1126 1122 opi·

156 1122 277 1184 nionum
292 1125 430 1186 varietate
449 1139 557 1202 natam,
572 1147 642 1221 quae·
658 1125 700 1186 sio
722 1124 831 1185 vitiavit
852 1126 982 1186 omniurn
1004 1123 1125 1198 animoS,

156 1219 189 1266 ut
197 1207 276 1268 nulla
284 1229 407 1290 usquam
417 1209 453 1270 sit
463 1210 575 1271 sincera
587 1208 723 1304 amicitia,
732 1207 784 1268 sed
796 1207 882 1268 frater
892 1206 969 1268 fratri
979 1205 1125 1280 dissideat,

155 1311 211 1351 nec
226 1291 311 1351 uxori
327 1312 395 1352 cum
411 1293 513 1354 marito
534 1291 698 1354 conveniat.
755 1291 831 1372 Spes
853 1302 897 1350 est
918 1290 987 1351 hinc
1009 1308 1127 1384 quoque

155 1374 332 1441 nascituram
344 1375 413 1436 olim
432 1376 614 1458 magnificam
635 1374 788 1435 hominum
810 1371 980 1455 perniciem,
995 1372 1019 1434 si
1041 1391 1087 1435 res
1109 1391 1127 1434 a

155 1456 258 1539 linguis
273 1471 303 1518 et
317 1458 436 1519 calamis
451 1459 487 1519 ad
503 1479 605 1520 manus
619 1457 796 1558 pervenerit.

198 1539 255 1601 Al.
278 1539 354 1601 Haeo
382 1541 480 1602 omnia
500 1540 651 1602 verissime
676 1541 804 1602 narravit
838 1541 936 1616 Ossa3
968 1559 1036 1602 nam
1062 1540 1126 1623 ipse

156 1623 242 1703 plura
256 1623 315 1684 vidi
329 1623 374 1684 his
389 1624 490 1698 oculis,
505 1624 636 1684 assiduus
654 1643 755 1683 comes
777 1637 807 1684 et
827 1587 940 1717 adjutoi
962 1621 1127 1717 Furiamm,

157 1727 221 1788 quae
233 1706 313 1766 nullo
325 1719 456 1788 tempore
467 1703 559 1787 magis
573 1704 753 1800 declararunt
768 1725 799 1766 se
814 1726 869 1766 suo
883 1705 990 1801 dignas
996 1704 1126 1768 nomine.

207 1787 261 1850 Ol.
285 1789 376 1870 Atqui
391 1789 554 1870 periculum
569 1800 622 1862 est,
636 1809 674 1849 ne
690 1787 753 1870 quis
775 1788 888 1848 daemon
912 1787 1057 1850 exoriatur
1078 1787 1129 1871 qui

156 1871 252 1932 subitb
267 1871 432 1933 adhortetur
446 1871 482 1932 ad
498 1892 621 1952 pacem3
644 1883 675 1932 et
690 1884 756 1934 sunt
770 1870 935 1932 mortalium
953 1869 1040 1932 animi
1061 1891 1127 1932 mu·

157 1955 278 2030 tabiles;
315 1975 383 2015 nam
423 1955 510 2015 audio
546 1953 625 2035 apud
654 1975 687 2014 su
709 1974 784 2028 eros,
810 1973 874 2014 esse
903 1953 1126 2048 Polygraphum

158 2002 315 2118 quendam,
331 2059 379 2118 qur
372 2038 507 2098 calamo
526 2057 579 2098 suo
601 2057 659 2098 non
682 1975 813 2097 desinit
806 2035 939 2098 insectari
961 2036 1081 2112 bellum,
1096 2048 1127 2100 ot

156 2121 193 2180 ad
209 2141 314 2202 pacem
329 2120 480 2181 cohortari

198 2201 254 2264 Al
278 2203 330 2264 llle
351 2203 526 2299 jampridem
547 2203 639 2264 surdis
663 2202 748 2264 canit.
801 2201 883 2262 Olim
901 2202 1021 2296 scripsit
1044 2202 1126 2298 pacis

157 2286 313 2382 profligatae
344 2287 578 2368 querimoniam3
613 2307 692 2346 nunc
722 2284 819 2345 eidem
847 2284 984 2346 extincta
1012 2284 1127 2366 scripsit

158 2368 352 2468 epitaphium.
407 2369 482 2430 Sunt
497 2369 542 2429 alii
557 2367 658 2430 contria
676 2367 725 2449 qui
746 2388 805 2428 non
826 2366 922 2428 minirs
939 2366 1043 2450 juvent
1062 2386 1126 2428 tem

158 2465 285 2512 nostram
301 2450 389 2533 quim
404 2451 472 2546 ipsae
487 2451 595 2512 Furiae

206 2531 259 2594 Gk.
283 2533 415 2606 Quinam
429 2534 526 2596 isti?

200 2615 255 2679 Al.
279 2617 354 2678 Sunt
369 2617 500 2678 animalia
515 2616 648 2700 quaedam
664 2616 749 2698 pullis
764 2629 794 2678 et
806 2617 936 2680 candidis
951 2617 1091 2701 palliis,
1064 2638 1126 2682 cru

159 2700 269 2762 eraceis
292 2700 406 2774 tunicis
422 2700 506 2795 pariis
527 2711 628 2761 ornata
642 2699 766 2780 plumis3
788 2701 852 2762 haec
873 2723 1021 2784 nunquam
1043 2722 1127 2764 rece-

160 2785 231 2844 dunt
247 2783 283 2844 ab
303 2783 375 2844 aulis
389 2781 561 2866 principum,
576 2782 742 2844 instillant'
734 2805 764 2843 m
786 2803 887 2846 aurem
903 2805 1031 2848 amorem
1047 2785 1125 2863 belli,

159 2867 308 2928 hortantur
329 2866 435 2926 eodem
456 2887 593 2948 proceres
615 2886 649 2926 ac
671 2866 828 2960 plebem,
821 2888 851 2926 ru
873 2869 1050 2947 evangelicis
1070 2869 1127 2930 illis

159 2949 345 3010 concionibus
372 2949 531 3023 clamitant,
553 2949 664 3010 bellum
694 2967 759 3008 esse
783 2947 906 3029 justum,
933 2964 1065 3009 sanctum
1090 2969 1127 3012 ao

159 3033 249 3126 pium:
294 3030 424 3125 Quoque
443 3031 536 3114 magis
557 3031 667 3091 mireris
688 3029 839 3090 hominum
861 3028 966 3090 sortem
987 3030 1126 3109 anirnum,

159 3114 307 3175 clamitant
320 3113 399 3174 idem
414 3116 491 3196 apud
505 3129 658 3195 utramque
673 3125 797 3207 partem..
840 3112 932 3194 Apud
944 3111 1044 3175 Gallos
1055 3135 1127 3176 cou-

159 3197 310 3256 cionantur
319 3194 418 3256 Deum
427 3211 501 3259 stare
517 3218 571 3278 pro
582 3195 685 3270 Gallis,
697 3216 752 3256 nec
764 3195 840 3256 vinci
860 3215 945 3276 posse
964 3217 1013 3278 qur
1005 3196 1126 3260 Deum

58 3349 60 3354 ,
160 3279 267 3339 habeat
288 3293 499 3359 protectorem3
533 3279 612 3361 apud
634 3279 685 3339 An
686 3279 748 3358 glos
763 3291 793 3338 et
813 3277 971 3377 Hispanos,
985 3279 1042 3339 hoc
1063 3279 1127 3340 bel·

160 3362 221 3422 lum
236 3382 295 3421 non
311 3381 328 3419 a
342 3360 460 3422 Caesare
483 3363 554 3443 geri,
569 3363 622 3422 sed
643 3362 758 3438 aDeo;
787 3361 899 3421 tannim
923 3360 1073 3455 praebcant
1093 3380 1126 3424 so

160 3444 235 3504 viros
257 3443 354 3516 fortae,
370 3444 518 3504 victoriam
541 3465 606 3504 esse
626 3456 746 3504 certam
791 3441 929 3512 Quod
908 3461 931 3501 ει
954 3441 1019 3522 quis
1038 3441 1127 3505 intor-

159 3527 273 3602 cidem,
285 3547 354 3586 eum
367 3547 426 3587 non
440 3527 544 3609 perire,
556 3527 608 3590 scd
623 3527 705 3614 recta
717 3522 895 3588 subvolare
886 3543 916 3584 m
929 3523 1038 3587 coelurn
1052 3524 1127 3589 sieut

160 3622 221 3671 erat
235 3623 385 3671 armatum.
