2570 4180
635 320 683 391 79

218 497 295 563 Non
309 498 424 564 viribus
438 510 492 564 eut
505 500 673 565 velocitate
687 518 851 584 corporum
874 521 922 566 res
939 522 1062 586 megum
1076 525 1131 588 ge-

176 593 421 749 mltibrg'napffls
435 667 594 732 hominum
614 678 672 746 est,
686 687 756 750 quae
778 689 842 733 non
864 669 1004 752 peccetis
1026 670 1131 734 irasci-

176 759 236 826 tur,
250 751 306 814 sed
319 751 534 833 peccantibus.

219 914 293 978 Non
307 916 498 980 convalescit
511 916 618 998 plenta
632 841 703 999 ‹iiiae
718 939 802 1001 saepe
816 916 1007 982 transfertur.
1046 915 1049 922 ’

220 997 279 1062 Ille
293 1000 404 1064 beatus
418 999 533 1082 estqui
547 1001 717 1066 crastinum
730 1003 814 1066 diem
837 1001 903 1066 sine
923 1001 1131 1066 solicitatione

175 1093 389 1229 exfficbbiium
402 1177 479 1248 pute
492 1167 577 1248 quod
590 1176 743 1232 vetustate
759 1168 794 1232 fit
807 1167 928 1232 melius.

217 1248 316 1312 Pauci
330 1250 423 1331 quem
437 1250 518 1313 bene
532 1251 649 1328 vivunt,
663 1253 719 1316 sed
734 1251 892 1332 quamdiu,
905 1260 1027 1316 curant.
1057 1295 1062 1304 -

216 1331 354 1414 Respice
369 1332 401 1394 in
415 1332 519 1396 alieno
533 1334 628 1396 exitio
642 1336 718 1415 quid
732 1355 892 1417 pavesces.

216 1414 309 1478 Evite
322 1415 443 1478 foveam
456 1415 489 1478 in
503 1436 596 1496 quem
611 1416 705 1480 elium
720 1417 870 1481 cecidisse
884 1417 982 1480 vides.

217 1497 397 1580 Discipulus
412 1508 461 1561 est
474 1499 584 1582 prioris
598 1502 748 1580 posterior
761 1501 838 1564 dies.

217 1580 380 1677 Optimum
401 1592 449 1646 est
468 1583 619 1666 majorum
643 1584 731 1666 sequi
745 1583 886 1666 vestigio,
905 1583 930 1645 si
954 1585 1038 1648 recte
1054 1607 1132 1670 pree-

176 1675 337 1730 cessennt.
411 1737 415 1742 ¹

219 1833 307 1899 mur
320 1833 497 1900 moseum
511 1757 672 1898 imitabilis
684 1844 732 1898 est
746 1853 868 1900 aranee
884 1842 1014 1897 textura.

218 1917 326 1980 Stellae
341 1919 392 1982 die
408 1917 505 1980 latent
519 1928 552 1980 et
566 1917 639 1980 solis
654 1917 774 2002 fulgore
789 1917 1023 1982 obumbrantur.

217 2000 306 2064 Atlas
320 2001 436 2064 coelum
450 2001 512 2063 suis
525 1999 661 2064 humeris
675 2012 799 2084 gesture
813 1999 938 2064 dicitur.

218 2083 393 2148 Autumnus
406 2084 580 2168 speciosum
594 2085 776 2148 varietatem
789 2085 831 2148 ob
845 2083 955 2147 oculos
967 2082 1115 2169 disponit.

218 2168 358 2230 Arcades
372 2188 421 2231 res
434 2167 553 2230 divinas
568 2167 657 2249 primi
672 2167 731 2230 diis
746 2165 897 2230 fecerunt.

218 2251 391 2347 Eupbretes
412 2271 451 2314 ex
472 2251 621 2313 Armeniis
650 2251 683 2313 in
715 2250 825 2312 Sinum
854 2249 1014 2313 Persicum
1044 2250 1131 2314 celer

176 2335 326 2480 debibiiis
349 2417 513 2481 novissime
527 2416 692 2498 genuinat,
710 2425 744 2478 et
764 2434 838 2476 cum
861 2412 967 2495 primis
989 2413 1063 2478 solie
1083 2414 1131 2476 di-

174 2511 280 2564 mittit.

218 2667 349 2730 Ossibus
371 2665 469 2728 leonis
492 2675 579 2728 tante
600 2586 781 2728 estfi’duritia
812 2671 847 2724 ut
878 2661 959 2746 ignis
986 2663 1128 2742 elidetur,

175 2759 322 2829 tunquam
336 2747 468 2811 esilice.
968 2753 971 2760 ⁴

217 2832 306 2908 Vitis,
330 2843 366 2894 ut
389 2852 423 2894 se
450 2831 560 2915 erigut,
585 2829 746 2894 claviculis
767 2831 841 2908 suis,
863 2831 1013 2914 quicquid
1034 2841 1129 2894 necte

65 2925 68 2932 '
171 2905 232 2992 e'st,
246 2915 475 2996 complectitur.

216 2997 322 3060 Pisces
336 2998 458 3060 euditbs
471 3019 531 3060 nec
545 2998 688 3060 membre
701 2995 819 3058 hebent
832 3014 893 3058 nee
908 2993 1068 3058 foramine.

217 3082 304 3143 Zeno
317 3081 458 3144 inventor
471 3091 505 3143 et
518 3080 664 3162 princeps
679 3078 854 3141 Stoicorum
868 3077 937 3141 fuit.

216 3163 339 3226 Mulum
353 3164 515 3246 octoginta
528 3183 626 3225 annos
644 3161 764 3238 vixisse,
779 3161 1017 3228 Atheniensium
1038 3181 1127 3226 mon·

174 3247 309 3310 umentis
323 3257 462 3330 apparet.

216 3330 288 3394 Mos
302 3341 370 3394 erat
390 3328 533 3410 antiquis,
555 3327 653 3408 niveis
676 3328 810 3410 atrisque
832 3327 958 3409 lapillis,
972 3325 1020 3388 his
1040 3323 1127 3386 dom-
1228 3393 1233 3400 .

172 3434 247 3480 nere
262 3435 341 3492 reos,
355 3409 592 3477 illis'absolvere
607 3409 711 3554 cullpt.

215 3583 326 3667 ignem
339 3579 412 3649 elici
426 3579 565 3646 videmus
579 3539 719 3663 iepirimn
733 3572 891 3640 conflictu.
