2570 4180
236 573 311 638 Erat
325 594 416 658 porro
430 573 550 636 infinita
570 573 735 636 multitudo
757 573 788 633 in
802 572 941 634 exercitu
956 571 1140 634 Madianita-

194 679 278 722 rum:
299 679 372 719 nam
386 678 458 719 cum
472 657 508 718 iis
522 678 575 719 rex
590 655 833 718 Amalecitarum
847 676 880 716 se
895 655 1105 736 conjunxerat.

235 742 356 802 Tamen
379 741 463 802 Deus
486 739 563 801 dixit
582 739 744 800 Gedeoni:
765 759 832 800 non
849 758 928 818 opus
949 749 997 800 est
1018 739 1075 800 tibi
1096 749 1141 800 tot
1214 795 1217 802 .

190 823 328 885 millibus
355 821 534 900 hominum3
568 823 700 883 dimissis
730 820 862 895 oaeteris,
891 821 989 882 retine
1025 823 1141 884 tantirm

192 915 348 967 trecentos
369 904 512 979 virosae
527 905 686 968 victoriam
710 925 774 966 suae
790 903 892 966 virtuti
917 904 1062 980 tribuant,
1080 926 1141 967 non

193 987 341 1068 potentiae
356 987 486 1061 divinae.¹
814 999 818 1007 '

641 1130 694 1188 97.

236 1245 367 1308 Gedeon
382 1257 537 1309 trecentos
551 1247 631 1308 viros
652 1246 684 1306 in
707 1255 768 1308 tres
790 1254 893 1326 partes
907 1246 1018 1323 divisit,
1042 1248 1142 1312 dedit-

193 1347 254 1407 que
276 1329 336 1392 illis
358 1331 448 1392 tubas
470 1341 502 1392 et
524 1330 651 1412 lagenas
675 1337 839 1404 testaceus,
867 1330 1033 1412 inquibus
1055 1343 1143 1394 erant

194 1409 352 1490 lampades
367 1433 521 1473 accensae.
1127 1423 1129 1426 ’

235 1492 288 1568 Ηί,
310 1495 412 1557 media
433 1505 526 1557 nocte
549 1494 679 1576 ingressi
700 1504 802 1556 castra
823 1495 967 1574 hostiurn,
981 1509 1143 1579 coeperunt

194 1574 276 1649 tubis
290 1575 446 1658 clangere,
461 1589 494 1642 et
507 1577 655 1641 collidere
670 1578 750 1641 inter
764 1599 797 1642 se
812 1579 950 1660 lagenas.

237 1659 430 1735 Madianitae,
442 1663 548 1725 audito
561 1663 706 1724 tubarum
727 1661 828 1725 sonitu
849 1671 882 1724 et
900 1661 972 1725 visis
993 1663 1142 1746 lampadi-

194 1741 264 1888 lprp,
287 1742 400 1838 turbati
421 1757 501 1822 sunt,
523 1756 555 1810 et
576 1745 657 1829 turpi
679 1746 762 1830 suga,
790 1766 852 1827 quo
874 1746 1003 1828 quisque
1031 1749 1141 1829 potuit,

218 1848 227 1887 1
241 1847 306 1906 apsr
321 1836 401 1888 sunt.

238 1907 380 1984 Denique
395 1905 515 1986 gladios
536 1909 568 1969 in
590 1931 623 1972 se
642 1910 775 1974 invicem
789 1922 1016 1990 converterunt,
1030 1923 1062 1976 et
1075 1936 1133 1976 mu·

195 1987 249 2050 tub
262 1987 351 2048 caede
366 2007 399 2048 se
414 1987 614 2052 trucidarunt.
1200 2011 1205 2014 ·

237 2068 368 2132 Gedeon
382 2067 523 2162 'hostiurn
544 2089 634 2150 reges
654 2088 835 2154 persecutus
858 2090 914 2156 est,
943 2091 976 2144 et
1003 2102 1140 2164 compre-

194 2151 306 2214 hensos
320 2171 391 2214 nect
406 2151 501 2213 dedit.

645 2293 696 2351 98.

237 2416 346 2484 Quum
368 2418 495 2482 Hebraei
510 2420 541 2482 in
556 2431 710 2502 potestate
731 2439 833 2489 essent
854 2399 1088 2510 Philistaeorum,
1109 2443 1141 2496 et

164 2581 168 2589 =
194 2501 235 2646 pb
252 2498 318 2644 tillis
343 2502 560 2585 affligerentur,
582 2515 672 2568 natus
693 2517 740 2569 est
762 2509 900 2589 Samson,
923 2514 1040 2579 futurus
1061 2516 1141 2580 ultor

217 2605 251 2646 os
265 2602 337 2646 rurn.

237 2665 338 2747 Hujus
352 2676 450 2727 mater
464 2667 516 2728 diu
531 2669 642 2732 sterilis
657 2671 765 2745 fuerat,
780 2676 835 2736 sed
849 2676 878 2735 ei
898 2680 1026 2756 angelus
1047 2681 1142 2743 Dom-

195 2747 238 2810 ini
274 2748 423 2836 apppruit
452 2748 653 2829 praedixitque
683 2772 753 2812 eam
774 2755 939 2832 parituram
969 2755 1064 2816 filium
1087 2763 1140 2838 qui

194 2830 279 2893 cives
293 2831 364 2894 su'os
378 2829 411 2891 in
425 2829 598 2891 libertatem
611 2831 778 2910 'aliquando
793 2833 971 2912 vindicaret.

239 2913 339 2977 Enixa
354 2934 492 2996 puerum,
507 2933 620 2975 nomen
635 2913 792 2978 Samsonis
806 2914 835 2978 ei
851 2914 971 2976 indidit.
1092 2977 1093 2980 ,

238 2998 318 3062 Puer
339 2998 456 3075 crevit3
478 2997 630 3062 intonsam
651 2995 759 3059 habuit
779 3016 925 3077 oomam3
946 3018 1005 3061 nec
1027 2999 1140 3076 vinum,

194 3101 255 3140 nec
277 3082 407 3142 siceram
429 3081 527 3158 bibit;
562 3077 736 3143 incredibili
770 3081 826 3144 luit
848 3081 985 3163 corporis
1007 3082 1141 3162 robore3

165 3165 169 3172 '
193 3159 319 3224 obvium
334 3161 455 3224 leonem
469 3183 563 3224 manu
578 3160 741 3226 interfecit.
989 3177 991 3182 ·

646 3331 696 3390 99.

238 3461 370 3525 Samson
392 3461 514 3528 adultus
539 3462 712 3528 Philistaeos
727 3465 832 3529 multis
853 3465 960 3529 affecit
981 3467 1142 3530 cladibus:

193 3543 281 3621 cepit
295 3554 449 3608 trecentas
462 3545 579 3628 vulpes,
595 3568 724 3627 quarum
738 3550 846 3612 'caudis
864 3569 1011 3612 accensas
1026 3550 1142 3632 lampa-

192 3623 251 3684 des
265 3623 414 3705 alligavit,
429 3639 461 3689 et
476 3629 506 3690 in
522 3629 654 3693 hostium
670 3653 761 3714 agros
775 3631 909 3696 immisit.
