2570 4180
499 367 627 480 '35

170 546 229 610 Cui
251 547 379 610 Isaacus
412 539 526 608 mirans
550 545 647 608 dixit:
685 546 754 627 quis
776 556 824 610 est
848 566 927 630 ergo
951 547 1004 611 ille
1029 547 1083 629 qui

128 631 221 692 modb
236 631 340 692 attulit
353 629 428 692 mihi
443 630 558 706 cibum,
572 640 605 692 et
618 629 671 692 oui
690 640 876 713 apprecatus
897 651 966 694 sum
979 631 1084 694 omnia

129 714 241 788 fausta,
256 723 403 794 tanquam
417 712 649 795 primogenito?

146 796 269 882 'Quod
292 797 420 857 audiens
443 797 540 858 Esaiis
562 795 661 860 edidit
681 817 829 880 magnum
850 795 1030 872 clamorem,
1051 805 1085 859 et

57 895 65 904 ·
131 878 273 960 implevit
286 880 412 942 domum
427 879 580 942 lamentis.

580 1027 632 1085 33.

172 1143 270 1204 Esaiis
285 1141 401 1212 ardens
409 1141 453 1202 irt
466 1139 643 1202 minabatur
656 1151 787 1203 mortem
800 1141 932 1204 Jacobo.

172 1226 280 1292 Quare
295 1225 447 1288 Rebecca
459 1234 558 1285 mater
572 1223 684 1285 timens
699 1224 817 1286 dilecto
838 1224 985 1300 filiosuo,
1000 1223 1084 1306 fuge,

129 1308 238 1388 inquit,
253 1308 297 1368 fili
320 1307 382 1385 mi;
404 1307 456 1368 abi
478 1307 518 1367 ad
539 1306 703 1369 Labanum
725 1307 912 1368 avunculum
934 1317 1031 1382 tuum,
1053 1317 1085 1369 et

129 1409 317 1452 commorare
333 1391 415 1470 apud
430 1410 512 1465 eum,
527 1393 628 1452 donec
644 1389 694 1454 ira
705 1388 805 1451 fratris
819 1389 864 1452 tui
878 1389 1083 1452 defervescat.

170 1471 317 1558 Jacobus,
331 1473 473 1534 dimissus
488 1493 507 1534 a
525 1482 613 1553 patre
637 1482 670 1534 et
690 1483 799 1549 matre,
817 1472 975 1555 profectus
990 1472 1084 1535 estin

129 1554 399 1637 Mesopotamiam.
548 1567 551 1572 '

171 1640 234 1701 Iter
255 1639 373 1716 faciens
388 1639 528 1721 pervenit
549 1639 589 1700 ad
610 1638 766 1717 quendam
779 1637 894 1713 locum,
911 1638 966 1700 ubi
987 1637 1085 1700 fessus

59 1743 93 1780 ·,
128 1723 169 1784 de
194 1723 245 1784 via
266 1723 482 1802 pernoctavit:
513 1721 676 1803 supposuit
697 1719 835 1802 lapidem
856 1721 953 1802 capiti
975 1741 1031 1783 suo
1052 1729 1086 1782 et

62 1819 67 1846 l
130 1805 327 1869 obdormivit.

208 1942 229 1990 :
588 1909 640 1965 aa.

170 2017 308 2080 Jacobus
329 2017 406 2079 vidit
426 2015 459 2078 in
481 2016 595 2078 somnis
617 2015 745 2093 scalam,
767 2037 838 2098 quae
863 2016 969 2080 innixa
993 2026 1083 2080 terrae

129 2102 305 2182 pertinebat
319 2101 359 2162 ad
373 2100 498 2175 coelum,
524 2110 617 2179 atque
640 2099 770 2182 angelos
792 2101 851 2164 Dei
878 2101 1084 2163 ascendentes

128 2195 160 2246 et
173 2185 420 2246 descendentes:
444 2183 561 2244 audivit
575 2183 744 2244 Dominum
760 2184 919 2247 dicentem
933 2185 1008 2250 sibi:
1022 2203 1084 2266 ego

129 2287 196 2328 sum
218 2267 309 2328 Deus
326 2266 421 2347 patris
443 2267 498 2342 tui,
513 2266 597 2326 dabo
618 2265 675 2326 tibi
697 2274 730 2326 et
751 2267 881 2346 posteris
896 2268 957 2330 tuis
971 2277 1084 2330 terram

129 2351 180 2411 cui
196 2351 335 2412 incubas.

171 2433 245 2495 Noli
268 2433 376 2494 timere
388 2455 397 2510 3
419 2451 480 2513 ego
495 2431 607 2492 favebo
621 2429 677 2492 tibi
693 2453 702 2508 3
724 2450 779 2492 ero
792 2439 898 2492 custos
912 2440 993 2506 tuus,
1007 2451 1085 2510 quo-

128 2535 263 2594 cumque
278 2515 457 2594 perrexeris,
472 2523 505 2576 et
518 2514 668 2574 reducam
682 2523 713 2575 te
728 2513 761 2574 in
772 2513 913 2593 patriam,
928 2533 966 2574 ao
981 2533 1038 2596 per
1051 2523 1085 2577 te

129 2617 236 2660 omnes
251 2597 334 2657 orbis
348 2597 489 2658 nationes
504 2605 594 2658 erunt
607 2596 697 2657 bonis
712 2595 890 2658 cumulatae.

172 2679 190 2740 J
192 2679 311 2740 acobus
324 2679 562 2761 expergefactus
577 2679 716 2742 adoravit
729 2679 907 2742 Dominum.

577 2852 630 2909 35.

170 2961 308 3024 Jacobus
330 2961 388 3023 iter
405 2971 587 3042 persecutus
602 2958 742 3040 pervenit
756 2959 788 3020 in
804 2959 1085 3038 Mesopotamiam:

128 3045 205 3106 vidit
219 3055 281 3106 tres
295 3065 444 3126 pecorum
459 3064 572 3125 greges
587 3052 713 3122 propter
727 3050 856 3120 puteum
871 3041 1033 3123 cubantes.

170 3127 253 3190 Nam
274 3148 313 3189 ex
335 3148 374 3189 eo
395 3137 491 3207 puteo
512 3145 626 3207 greges
658 3123 800 3186 solebant
828 3124 985 3206 adaquari.
1040 3125 1085 3190 Os

128 3211 215 3292 putei
231 3210 437 3278 claudebatur
451 3209 571 3292 ingenti
586 3207 701 3290 lppide.

171 3291 311 3352 Jacobus
339 3294 473 3355 accessit
497 3292 584 3367 illuc,
599 3301 631 3352 et
652 3290 730 3352 dixit
751 3293 945 3372 pastoribus:
967 3293 1085 3367 fratres,

130 3374 213 3448 unde
225 3373 323 3436 estis?
347 3375 400 3453 qui
415 3376 659 3454 responderunt:
681 3395 720 3435 ex
734 3375 811 3437 urbe
826 3377 944 3436 Haran.

172 3457 264 3524 Quos
278 3457 481 3537 interrogavit
495 3457 615 3532 iterum,
629 3457 779 3520 nbstis-ne
800 3455 988 3519 Labanum?
1010 3455 1086 3518 Dix-

130 3550 230 3614 erunt‚
251 3541 403 3601 novimus·
449 3539 613 3602 Valet-nel
636 3541 729 3616 valet,
744 3540 908 3620 inquiunt:
930 3559 1008 3602 ecce
1021 3538 1085 3604 Ra-

131 3623 201 3686 chel
216 3622 281 3686 filia
294 3623 361 3707 ejus
375 3623 460 3686 venit
476 3643 549 3684 cum
562 3643 660 3706 grege
676 3644 743 3684 suo.
