2570 4180
603 271 651 343 29

197 445 343 512 Attamen
357 450 499 532 pepercit
513 449 635 514 Noamo
656 463 689 515 et
710 450 814 514 liberis
827 449 903 535 ejus,
925 447 997 531 quia
1018 448 1103 514 cole·

155 528 232 594 bant
245 532 398 595 virtutem.

197 614 337 677 Noemus
369 616 543 679 admonitus
565 639 584 681 a
605 619 675 681 Deo
704 617 852 680 exstnrxit
876 616 1035 700 ingentem
1055 635 1104 678 ar·

152 715 226 758 cam
246 698 279 758 in
300 699 425 760 modum
443 702 549 779 navis3
571 701 670 762 linivit
683 722 753 763 eam
766 701 927 774 bitumine,
941 710 975 762 et
988 699 1020 760 in
1034 719 1104 762 eam

152 777 275 842 induxit
288 801 344 861 par
357 803 454 843 unum
467 785 603 845 omnium
618 784 719 845 avium
733 795 765 845 et
779 782 991 845 animantium.

613 891 660 947 12.

85 1053 90 1060 ἱ
130 1049 137 1054 ,
196 979 364 1060 Postquam
396 969 533 1044 Naeuius
564 983 630 1064 ipse
653 983 807 1064 ingressus
831 993 879 1045 est
907 1003 1011 1044 areum
1032 1003 1104 1044 cum

100 1001 129 1127 i
154 1063 300 1144 conjuge,
325 1065 421 1126 tribus
447 1065 516 1130 filiis
538 1077 570 1128 et
592 1067 722 1127 totidem
742 1066 879 1142 nuribus,
902 1086 990 1146 aquae
1011 1066 1104 1127 maris

90 1161 127 1223 ἡ
154 1155 187 1206 et
201 1146 338 1206 omnium
353 1147 481 1210 fontium
496 1159 672 1230 eruperunt.

197 1228 297 1288 Simul
312 1230 416 1308 pluvia
431 1231 539 1314 ingens
554 1231 669 1294 cecidit
690 1252 745 1313 per
767 1232 972 1314 quadraginta
985 1232 1052 1294 dies
1072 1240 1105 1293 et

155 1310 285 1372 totidem
298 1323 418 1375 noctes.
972 1329 975 1336 '

195 1393 288 1474 Aqua
314 1397 436 1476 operuit
467 1397 637 1462 universam
666 1410 788 1474 terram,
810 1396 854 1460 ita
881 1408 917 1460 ut
946 1407 1105 1479 superaret

104 1542 106 1551 ¹
153 1477 332 1557 quindecim
345 1480 458 1542 cubitis
473 1481 635 1544 altissimos
649 1493 782 1544 montes.

39 1583 46 1593 ¹
98 1554 139 1633 ἦ·
195 1559 311 1620 Omnia
324 1561 487 1645 absumpta
500 1576 571 1626 sunt
584 1566 721 1628 diluvio:
741 1583 814 1626 arca
828 1573 933 1626 autem
947 1563 1106 1628 sublevata

123 1654 127 1662 “
152 1641 244 1722 aquis
258 1642 401 1705 fluitabat
415 1645 448 1706 in
461 1645 535 1707 alto.

195 1825 283 1890 Deus
296 1828 421 1892 immisit
444 1840 570 1892 ventum
593 1830 819 1906 vehementem,
833 1840 866 1892 et
887 1830 1000 1894 sensim
1015 1851 1104 1914 aquae

155 1909 325 1974 imminutae
340 1922 421 1974 sunt.

196 1993 339 2056 Tandem
362 2015 467 2058 mense
489 1996 664 2072 undecimo,
687 2007 850 2078 postquam
870 1995 1020 2060 diluvium
1040 2019 1105 2061 eoe-
1134 2026 1152 2045 2

153 2086 252 2156 perat,
271 2077 409 2139 Noemus
430 2080 551 2160 aperuit
565 2080 729 2142 fenestram
744 2101 836 2156 arere,
858 2089 892 2142 et
913 2081 1015 2144 emisit
1036 2103 1105 2145 cor·

153 2177 234 2234 vum,
249 2160 301 2240 qui
316 2181 378 2222 non
393 2171 440 2223 est
452 2183 600 2224 reversus.

196 2242 317 2304 Deinde
339 2242 439 2305 emisit
461 2245 658 2307 columbam:
680 2266 774 2326 quum
795 2266 834 2307 ea
854 2265 917 2308 non
938 2246 1106 2311 invenisset

154 2323 259 2386 iocum
283 2325 336 2386 ubi
362 2337 491 2406 poneret
515 2328 638 2407 pedem,
663 2349 785 2389 reversa
806 2339 854 2389 est
878 2330 918 2389 ad
940 2329 1105 2406 Noemum,

154 2408 208 2490 qui
221 2408 360 2470 extendit
373 2429 509 2483 manum,
524 2419 557 2470 et
571 2409 674 2471 intulit
688 2430 759 2470 eam
773 2410 805 2470 in
820 2425 933 2471 arcam.

196 2489 349 2550 Columba
374 2512 491 2551 rursum
513 2492 625 2552 emissa
649 2492 753 2553 attulit
777 2492 809 2553 in
834 2512 887 2553 ore
908 2512 965 2555 suo
987 2513 1105 2558 ramum

84 2555 131 2616 3(
154 2571 245 2634 olivae
260 2571 395 2647 virentis,
409 2593 471 2652 quo
486 2573 555 2634 finis
568 2573 675 2635 diluvii
690 2573 932 2657 significabatur.

608 2681 656 2736 14.

196 2773 335 2837 Noe'mus
359 2795 499 2857 egressus
520 2785 568 2837 est
589 2797 627 2836 ex
652 2775 734 2852 aresi,
757 2787 920 2858 postquam
941 2777 984 2839 ibi
1005 2769 1145 2843 melu-7

153 2877 204 2918 sus
218 2857 318 2919 suerat
331 2879 387 2938 per
402 2879 516 2920 annum
531 2869 629 2920 totiun
644 2859 710 2940 ipse
725 2869 758 2920 et
772 2860 888 2921 familia
902 2859 988 2942 ejus:
1009 2862 1104 2922 edux-
1129 2846 1136 2916 .¹

153 2938 178 3000 it
191 2959 298 3001 secum
313 2961 384 3001 aves
399 2951 574 3020 caeteraque
590 2942 768 3002 animantia.

194 3022 277 3084 Tum
305 3022 402 3083 erexit
429 3023 535 3096 altare,
557 3033 590 3082 et
611 3023 725 3083 obtulit
752 3021 938 3084 sacrificium
958 3023 1102 3089 Domine.

154 3103 242 3168 Deus
256 3103 333 3165 dixit
348 3104 411 3166 illi:
435 3125 498 3166 non
520 3104 634 3166 delebo
649 3105 797 3186 deinceps
812 3126 911 3188 genus
925 3105 1104 3189 hominum;

153 3207 267 3267 ponam
278 3207 383 3247 areum
397 3207 501 3248 meum
515 3187 546 3248 in
561 3187 705 3264 nubibus
720 3199 753 3251 et
766 3189 824 3251 erit
837 3189 958 3272 signum
980 3191 1103 3254 soederis

154 3269 238 3348 quod
253 3265 336 3328 facio
350 3269 520 3330 vobiscum.

197 3350 306 3416 Qutun
328 3350 486 3412 obduxero
507 3353 606 3414 nubes
620 3355 712 3432 coelo‚
727 3378 816 3419 arcus
830 3376 917 3418 meus
931 3355 1103 3435 apparebit,

99 3413 132 3480 --i
154 3443 187 3496 et
201 3432 388 3495 recordabor
402 3431 526 3494 foederis
539 3436 610 3512 mei,
631 3455 692 3501 neo
716 3459 852 3522 unquam
873 3436 1022 3501 diluvium
1045 3439 1103 3504 erit
1167 3437 1170 3444 ’

154 3517 194 3579 ad
208 3516 400 3600 perdendum
414 3517 522 3663 {rbem
536 3527 693 3584 terrarum.
