2590 4194
605 357 653 427 99

592 551 669 606 tan.

196 705 248 768 lra
271 715 319 768 est
342 705 525 788 impetuosa,
557 716 590 768 et
620 705 703 768 omni
736 706 859 769 flamma
886 708 1105 772 vehementior.

155 789 221 858 Qui
235 789 312 852 iram
324 811 388 852 non
410 789 529 867 fraenat,
544 789 570 852 is
588 789 715 854 immani
736 790 851 852 belluae
874 791 967 872 quam
990 791 1106 856 homini

155 883 203 935 est
216 873 352 936 similior.

197 956 354 1019 Pernam
376 956 527 1059 sapientia
548 957 706 1039 perditur,
728 976 788 1019 nec
809 957 893 1020 enim
915 958 981 1022 fieri
1003 969 1107 1041 potest

154 1050 190 1102 ut
203 1040 377 1102 concitatus
392 1040 568 1103 iteratione
583 1051 696 1102 utatur

197 1123 358 1204 Optimum
380 1134 427 1186 est
455 1124 586 1206 primum
617 1123 670 1185 irae
703 1122 925 1188 irritamentum
950 1115 1104 1208 spernere,

154 1205 289 1287 ipsisque
305 1227 478 1302 repugnare
493 1207 671 1269 seminibus

118 1297 120 1302 '
195 1289 233 1352 In
247 1290 351 1371 primis
366 1291 479 1352 finibus
493 1291 589 1352 hostis
600 1291 751 1353 arcendus
763 1300 826 1370 est3
840 1313 913 1355 nam
927 1292 997 1355 cdm
1013 1291 1107 1356 intra·
1148 1363 1153 1368 ,

153 1372 206 1450 vit,
221 1384 253 1436 et
267 1374 362 1454 portis
376 1395 409 1436 se
424 1374 537 1450 intulit,
552 1375 677 1436 modum
692 1395 711 1436 a
725 1375 855 1454 captivis
869 1396 932 1438 non
947 1375 1073 1457 accipit.

195 1457 244 1520 Ira
265 1457 481 1520 abstinendum
502 1468 550 1520 est
571 1459 634 1520 sive
659 1478 713 1539 par
742 1469 791 1520 est
822 1459 874 1539 qui
907 1459 1106 1522 lacessendus

153 1550 211 1616 est,
226 1541 288 1602 sive
303 1541 450 1621 superior,
465 1542 528 1604 sive
549 1541 683 1603 inferior.
727 1542 806 1602 Cum
828 1541 894 1622 pari
916 1544 1106 1606 contendere

154 1643 271 1704 anceps
302 1633 358 1700 est,
380 1644 453 1686 cum
487 1624 643 1706 superiore
674 1623 830 1700 furiosum,
862 1643 935 1686 cum
962 1625 1106 1688 inferiore

154 1706 321 1770 sordidum.

195 1873 247 1938 Ira
267 1875 452 1938 educatione
474 1873 654 1957 repellenda
674 1885 741 1938 est:
763 1874 857 1938 facile
878 1884 926 1938 est
940 1874 1023 1938 enim
1038 1886 1106 1939 ten·

152 1980 222 2022 eros
236 1959 338 2022 adhuc
353 1960 471 2022 animos
485 1979 693 2040 componere·
713 1959 764 2022 vix
778 1959 904 2023 tandem
925 1959 1105 2024 reciduntur

152 2042 227 2106 vitia
241 2063 311 2124 quse
325 2043 488 2106 nobiscum
503 2053 675 2105 crevemnt.

195 2126 282 2189 Nihil
295 2126 393 2210 magis
408 2127 483 2189 facit
497 2127 660 2189 iracundos
674 2147 765 2207 quam
784 2126 931 2190 educatio
954 2127 1058 2192 mollis
1071 2139 1105 2192 et

152 2209 288 2274 blandar
308 2210 428 2273 luxuria
441 2210 571 2304 maxime
587 2211 777 2272 iracundiam
792 2212 897 2305 nutrit.

194 2295 268 2358 Non
282 2305 385 2376 potest
405 2294 540 2368 omnino,
555 2293 683 2388 inquies,
698 2314 737 2354 ex
751 2293 855 2356 animo
872 2295 918 2356 ira
940 2294 1029 2372 tolli3
1049 2316 1104 2358 ne·

154 2399 215 2474 que
239 2379 300 2442 hoc
328 2387 439 2440 natura
466 2375 597 2438 hominis
618 2376 743 2458 patitur.
787 2377 1019 2458 Quodcumque
1043 2379 1101 2440 sibi

152 2462 324 2544 imperavit,
339 2461 458 2524 animus
472 2459 616 2523 obtinuit.

568 2644 720 2700 VIRTUS.

193 2801 278 2864 Inter
291 2798 421 2882 pulchra
436 2799 560 2896 quidem
575 2797 668 2860 virtus
680 2798 843 2881 primatum
858 2809 962 2882 tenet;
983 2799 1102 2866 laudari

151 2906 222 2948 vero
239 2885 335 2947 debet
356 2905 420 2946 non
441 2884 510 2966 ipsa
529 2883 622 2945 modo
643 2883 747 2960 virtus,
769 2885 824 2945 red
846 2907 949 2948 causae
978 2892 1102 2968 quoque

150 2979 184 3032 et
197 2969 337 3044 comites,
351 2967 479 3042 fructus,
494 2977 618 3047 etopus
632 2987 724 3028 omne
738 2967 867 3028 virtutis.

193 3051 314 3114 Virtute
338 3068 401 3113 non
415 3072 464 3113 res
478 3049 644 3124 honestior,
663 3070 726 3110 non
748 3049 937 3112 constantior
956 3061 1004 3113 est
1018 3051 1102 3114 ulla·
1092 3099 1103 3132 ,

151 3133 349 3230 pulchritudo
363 3134 413 3196 vel
427 3133 604 3196 valetudine
630 3133 719 3215 perit,
734 3131 783 3195 vel
808 3143 964 3216 tempore.
985 3134 1101 3200 divitiae

151 3218 294 3282 vitiorum
308 3227 379 3279 sunt
393 3217 494 3299 potids
508 3216 602 3298 qu'am
615 3217 693 3280 recti
707 3217 866 3280 ministrae.

195 3383 283 3447 Nulli
304 3383 459 3467 praeclusa
487 3394 535 3448 est
566 3384 681 3465 virtus3
711 3386 855 3449 omnibus
877 3395 972 3466 patet,
994 3405 1103 3448 omnes

151 3467 295 3546 admittit,
310 3489 418 3532 ornnes
432 3469 550 3531 invitat.

194 3552 298 3616 Virtus
319 3551 488 3646 magnifica
508 3562 566 3630 est,
588 3574 651 3616 non
682 3553 755 3634 quia
776 3573 831 3633 per
853 3571 885 3613 se
906 3550 1034 3616 beatum
1055 3564 1103 3617 est

151 3636 234 3699 malo
255 3635 401 3712 caruisse,
423 3636 478 3698 sed
500 3637 573 3719 quia
594 3637 730 3701 arrimum
751 3644 905 3720 praeparat
926 3635 967 3699 ad
994 3639 1103 3722 cogni·
