2590 4194
551 431 554 436 ,
623 354 686 424 101

209 527 331 592 Codrus
351 529 592 594 Atheniensium
613 553 676 610 rer,
698 534 780 612 ct'rm,
804 535 836 597 in
865 535 950 600 bello
972 537 1125 619 Pelopon·

167 613 306 689 nesiaco,
331 614 372 676 ab
400 615 528 678 oraculo
550 637 732 698 responsum
754 620 947 700 accepisset:
973 621 1125 684 Victricem

168 694 239 841 {ore
249 705 373 780 gentem,
388 697 466 781 cujus
474 699 612 782 princeps
626 699 699 762 bello
711 702 832 784 periret,
848 715 1022 783 permutato
1044 705 1126 787 regis

191 779 288 855 abitu,
310 791 342 843 et
363 781 540 864 gregarium
561 804 594 844 se
617 784 739 866 fingens
759 785 901 862 militem,
925 787 1067 850 hostibus
1091 809 1125 850 se

168 863 376 926 occidendum
390 865 533 947 praebuit.

597 1029 700 1082 VITA.

211 1128 380 1198 Quomodi)
402 1128 518 1205 sabuli,
538 1128 584 1192 sic
605 1131 676 1209 vita,
691 1150 754 1193 non
776 1133 868 1213 quim
887 1133 950 1210 diu,
965 1134 1020 1197 sed
1034 1135 1124 1216 quern

169 1211 251 1274 bene
267 1223 339 1274 acta
352 1214 402 1290 sit,
417 1213 520 1276 refert.
577 1219 582 1228 ”
669 1259 671 1264 s

212 1295 389 1376 Optabilior
410 1307 459 1359 est
487 1297 551 1359 vita
578 1297 713 1360 obscura
734 1319 808 1362 curn
832 1300 1008 1376 securitate,
1033 1302 1126 1382 quam

169 1399 241 1441 curn
255 1378 395 1459 periculo
409 1380 582 1462 splendida.

211 1462 296 1524 Inter
310 1473 424 1526 caetera
446 1462 539 1540 mala,
561 1463 622 1527 hoc
647 1463 743 1528 habet
762 1465 917 1529 stultitia:
939 1487 1061 1549 semper
1081 1467 1126 1530 vi-
1185 1501 1188 1506 ·

168 1567 240 1609 vere
255 1545 375 1626 incipit.

212 1628 303 1693 Nihil
317 1639 365 1690 est
380 1638 443 1690 tam
458 1627 552 1691 fallax
566 1629 658 1709 quam
672 1630 736 1691 vita
749 1630 895 1693 humana.

211 1713 264 1776 Ad
277 1721 409 1774 mortem
422 1711 489 1772 dies
504 1713 629 1774 accedit
643 1713 760 1774 omnis:
781 1713 854 1776 ideo
868 1714 988 1776 animus
1003 1715 1126 1792 nobilis,

169 1795 315 1859 conscius
337 1795 394 1856 sibi
416 1795 552 1856 melioris
573 1806 701 1870 naturae,
729 1796 783 1858 dat
804 1817 932 1878 operam
953 1807 988 1861 ut
1009 1799 1042 1861 in
1067 1799 1126 1862 hac

169 1879 302 1943 statione
327 1877 456 1940 honeste
471 1899 504 1940 se
518 1889 627 1960 gerat3
648 1878 725 1940 nihil
746 1879 856 1942 henim
881 1900 951 1960 quae
973 1883 1060 1946 circa
1079 1882 1125 1965 ip-

168 1983 237 2026 sum
251 1971 324 2025 sunt
337 1982 427 2024 suurn
438 1960 568 2044 judicat,
583 1962 638 2024 sed
653 1972 687 2025 ut
701 1963 908 2027 commodatis
919 1965 1024 2030 utitur.

598 2139 695 2193 SPES.

212 2228 300 2294 Nihil
314 2229 444 2312 perinde
459 2228 596 2291 animum
620 2238 773 2292 sustentat
796 2238 891 2310 atque
911 2250 982 2313 spes
996 2229 1079 2307 laeta,
1093 2241 1127 2294 et

97 2370 102 2377 .
169 2313 321 2377 bonorum
335 2311 523 2394 expectatio.

212 2397 282 2474 Illa,
296 2417 367 2478 quae
385 2395 527 2479 jucunda·
540 2404 620 2470 sunt,
634 2393 710 2456 licet
724 2393 862 2457 nondtun
876 2394 979 2457 adsint
991 2415 1128 2476 praesen·

171 2481 223 2558 tia,
239 2501 294 2563 spe
309 2491 415 2542 tamen
430 2478 600 2540 delectant.
656 2483 662 2498 '

214 2565 303 2646 Spes,
318 2561 482 2625 felicitatis
496 2561 614 2624 blanda
631 2559 819 2642 expectatio,
833 2559 900 2624 sola
915 2557 1073 2625 hominem
1093 2561 1127 2626 in

170 2647 301 2712 miseriis
317 2645 473 2709 consolari
489 2653 601 2726 potest.

213 2733 292 2794 Ciun
314 2730 437 2793 fortuna
457 2729 601 2804 minatur,
630 2725 748 2789 sortiter
775 2726 909 2810 teipsum
939 2728 1065 2806 sustine,
1087 2751 1126 2792 ac

170 2838 220 2881 res
242 2815 394 2877 secundas
424 2821 566 2894 expecta,
598 2831 659 2874 nec
689 2809 818 2894 abjicias
840 2833 937 2893 spem,
959 2832 1029 2894 quae
1058 2813 1128 2876 sola
1246 2874 1253 2894 ,

170 2921 231 2964 nec
244 2897 428 2961 morientem
442 2894 598 2974 relinquit.
1059 2975 1065 2989 ⁶

214 2981 390 3062 Aristippus
421 2977 632 3060 philosophus,
654 2975 817 3058 naufragio
849 2976 979 3059 ejectus,
1007 2977 1127 3039 amissis

172 3066 326 3139 omnibus,
340 3064 412 3124 cinn
426 3061 553 3123 vidisset
574 3060 606 3123 in
628 3060 723 3122 arent
744 3059 858 3141 figuras
879 3059 1029 3141 quasdam
1051 3081 1128 3143 geo-

172 3148 327 3222 metricas,
355 3145 445 3207 hilari
469 3143 557 3206 vultu
578 3143 767 3207 exclamisse
789 3142 923 3222 dicitur;
957 3143 1040 3208 Bene
1063 3167 1127 3229 spe-

173 3232 298 3296 randum
311 3239 361 3305 est,
374 3229 421 3292 hic
434 3227 509 3290 enim
522 3227 665 3290 hominum
679 3225 800 3312 vestigia
813 3227 960 3290 cernimus.

571 3369 743 3426 NATURA.

216 3462 369 3527 Naturam
384 3437 585 3539 sequentibus
599 3459 701 3522 omnia
715 3460 821 3523 facilia
839 3467 957 3522 suntet
967 3459 1127 3542 jucunda·

172 3557 283 3612 contra
297 3543 383 3606 illam
396 3542 571 3606 viventibus
593 3563 657 3607 non
681 3543 742 3606 alia
763 3543 826 3606 vita
839 3551 896 3619 est,
911 3542 1004 3624 quam
1017 3553 1127 3610 eontra

173 3633 290 3698 flumen
303 3625 531 3772 nangmppus.
