2590 4194
194 357 254 422 124
499 365 619 414 masur
642 325 834 423 coenosum.

226 515 289 582 Νι.
312 515 425 582 Verirn
445 516 540 584 isthuc
562 520 658 584 unium
679 541 749 584 casu
770 518 885 596 eccidit,
907 539 944 582 an
972 519 1152 584 consuetudo

227 683 289 749 Pl.
313 685 506 750 Consuetudo
520 707 643 769 prorsus.

227 766 290 833 Νι.
312 769 355 830 At
376 769 406 830 ui
419 768 461 830 rei
475 791 534 831 nou
548 771 631 832 bone
646 769 827 832 consuetudo
841 770 967 852 pessima
981 771 1046 832 est?

218 849 288 994 1ΡΙι.
312 791 378 914 lmd
391 851 487 913 nullus
501 856 620 915 somnus
634 867 678 916 est
692 853 806 916 suavior
821 853 909 938 qudm
930 867 995 936 post
1016 867 1151 919 exortum

186 952 290 996 soem.
814 965 816 970 ·
865 944 869 952 '

225 1015 287 1079 Νι.
312 1015 386 1092 Qua
398 1018 518 1082 tandem
531 1018 605 1082 hord
617 1019 693 1082 soles
707 1019 817 1082 lectum
831 1019 1013 1102 relinquere?

226 1098 287 1162 Pt.
311 1101 390 1163 Inter
404 1118 534 1184 quartam
549 1117 579 1164 et
593 1124 711 1164 nonam.

226 1181 289 1246 Νι.
313 1181 391 1247 Satis
419 1186 548 1268 amplum
575 1185 719 1267 spatium:
753 1185 804 1246 vix
832 1199 874 1247 tot
896 1185 973 1246 horis
997 1199 1153 1246 comuntur

184 1265 309 1349 reginae3
332 1267 385 1329 sed
398 1268 476 1328 unde
492 1267 592 1343 venisti
607 1268 635 1328 in
649 1267 733 1328 istam
747 1267 1009 1328 consuetudinem?

226 1349 285 1411 Pl.
309 1349 390 1422 Quia
410 1350 536 1410 solemus
559 1349 699 1423 convivia,
713 1349 793 1408 lusus
816 1362 846 1409 et
865 1347 950 1430 jocos
974 1348 1003 1408 in
1027 1349 1148 1410 multam

182 1429 312 1512 proferre
326 1444 453 1506 noctem,
467 1431 497 1492 id
512 1430 654 1512 dispendii
669 1429 807 1492 matutino
822 1451 922 1492 somno
938 1451 1102 1512 pensamus.

224 1511 287 1576 Νι.
311 1513 374 1576 Vix
387 1534 516 1595 unquam
531 1513 591 1574 vidi
604 1513 752 1574 hominem
766 1527 795 1574 te
810 1512 948 1595 perditius
962 1513 1125 1595 prodigum.

226 1594 287 1658 Pl.
310 1595 388 1658 Mihi
401 1595 575 1678 parsimonia
588 1596 700 1658 videtur
714 1593 807 1676 magis
828 1594 916 1677 quiam
937 1595 1083 1677 profusio:
1106 1597 1150 1658 in-

183 1679 271 1744 terim
284 1701 342 1743 noc
356 1679 492 1742 candelas
506 1679 637 1753 absumo,
651 1699 707 1739 nec
722 1691 820 1740 vestes
834 1679 943 1740 detero.

227 1761 288 1828 Νι.
311 1762 496 1846 Praepostera
509 1759 581 1824 sane
596 1752 778 1844 parsimonia,
790 1781 905 1822 servare
920 1761 1025 1844 vitrum
1040 1775 1072 1824 ut
1085 1783 1151 1844 per-

184 1844 237 1908 das
258 1867 398 1928 gemmas.
450 1840 545 1908 Alster
566 1844 661 1926 sapuit
681 1843 729 1906 ille
751 1843 950 1926 philosophus,
966 1845 1015 1927 qui
1035 1859 1150 1927 rogatus

185 1927 255 2008 quid
283 1942 361 1989 esset
387 1926 634 2010 pretiosissimum,
663 1926 822 2008 respondit,
850 1939 975 2010 ternpus.
1032 1925 1151 2004 ,Porrd,

173 2009 253 2070 crim
266 2022 379 2071 constet
392 2008 552 2070 diluculum
565 2029 631 2070 esse
645 2008 732 2070 totius
747 2009 805 2070 diei
819 2023 932 2090 partem
952 2011 1105 2093 optimam,
1118 2025 1149 2073 tu

183 2090 263 2174 quod
277 2090 308 2152 in
321 2112 353 2153 re
367 2089 573 2174 pretiosissimi
585 2089 822 2173 pretiosissimum
836 2106 880 2154 est
893 2091 1003 2175 gaudes
1015 2095 1148 2177 perdere.

225 2171 286 2241 Pt.
310 2174 361 2236 An
375 2175 431 2236 hoc
445 2173 518 2256 perit
532 2173 611 2256 quod
625 2173 708 2236 datur
720 2176 918 2257 corpusculo?
1079 2243 1080 2248 γ
1205 2231 1208 2236 .

225 2255 288 2321 Νι.
310 2257 376 2321 lmd
403 2256 563 2320 detrahitur
590 2257 774 2340 corpusculo,
796 2259 875 2342 quod
896 2273 957 2324 tum
981 2257 1150 2324 suavissima

184 2341 309 2406 afficitur
319 2339 506 2426 maximeque
517 2355 667 2425 vegetatur
677 2341 747 2404 odm
756 2344 932 2424 tempestivo
943 2344 1149 2428 moderatoque

185 2447 288 2492 sonmo
302 2427 440 2503 reficitur,
454 2439 484 2488 et
498 2424 639 2488 matutind
653 2423 749 2509 vigilie
761 2426 968 2489 corroboratur.

227 2511 289 2576 Pl.
312 2511 374 2574 Sed
389 2511 475 2573 dulce
489 2523 534 2572 est
548 2509 682 2572 dormire.

226 2593 289 2656 Νι.
313 2593 396 2664 Quid
411 2614 475 2654 esse
490 2606 586 2674 potest
600 2593 685 2654 dulce
700 2592 771 2653 nihil
786 2593 940 2660 sentienti?
992 2660 994 2666 ,

227 2674 286 2736 Pa.
311 2673 379 2734 Hoc
394 2674 489 2754 ipsum
504 2675 589 2734 dulce
604 2687 658 2748 est,
673 2674 741 2734 nihil
756 2676 862 2736 sentire
876 2678 1022 2740 molestia.

198 2775 206 2790 ·
227 2753 287 2818 Νι.
311 2753 402 2834 Atqui
415 2754 470 2814 isto
484 2753 601 2814 homine
623 2753 765 2816 feliciores
788 2770 855 2818 sunt
880 2757 930 2837 qui
954 2759 1100 2824 dormiunt
1123 2764 1152 2826 in

94 2880 96 2890 ‚
184 2835 363 2922 sepulchris3
384 2854 453 2896 nam
468 2833 620 2895 dormienti
641 2855 849 2918 nonnunquam
868 2838 1009 2902 insomnia
1029 2845 1151 2907 molesta

185 2934 261 2984 sunt.
714 2919 722 2936 '

227 3004 290 3068 Pl.
312 3003 404 3066 Aiunt
418 3025 455 3067 eo
469 3025 571 3066 somno
585 3001 713 3066 manime
729 3003 850 3086 saginari
864 3025 979 3086 corpus.

227 3088 288 3152 Νι.
312 3087 372 3150 Ista
386 3087 498 3170 glirium
513 3087 612 3170 sagina
626 3102 679 3164 est,
690 3110 747 3149 non
761 3087 920 3150 hominum.
966 3089 1062 3153 Recte
1078 3093 1150 3174 sagi-

185 3187 288 3238 nantur
316 3170 449 3232 animalia
477 3192 540 3252 quae
569 3185 703 3254 parantur
731 3171 841 3252 epulis:
875 3171 985 3234 homini
1014 3195 1150 3255 quorsum

186 3258 288 3321 attinet
302 3274 451 3316 accersere
465 3253 647 3328 obesitatem,
658 3252 712 3314 nisi
725 3267 757 3314 ut
771 3255 902 3335 graviore
913 3255 1152 3319 sarcindonustus

185 3340 323 3404 incedat?
366 3336 427 3399 Dio
450 3335 532 3412 mihi,
546 3337 570 3398 si
595 3335 734 3398 famulum
756 3338 889 3412 haberes,
912 3340 1008 3402 utrum
1030 3341 1152 3403 obesum

185 3425 298 3500 malles,
314 3441 351 3483 an
364 3433 501 3502 vegetum
514 3432 545 3481 et
559 3420 597 3482 ad
611 3420 708 3482 omnia
722 3421 822 3504 munia
835 3421 982 3486 habilem?

229 3505 290 3568 Plt.
313 3503 405 3586 Atqui
418 3525 477 3565 non
492 3523 556 3564 sum
571 3502 705 3564 famulus.
790 3553 797 3565 .

229 3586 290 3650 Ne.
313 3586 389 3648 Mihi
403 3599 448 3648 sat
461 3598 506 3648 est
524 3587 604 3668 quod
626 3587 787 3649 ministrum
809 3588 909 3650 officiis
931 3603 1028 3673 aptum
1051 3590 1152 3654 malles

187 3669 277 3754 qudm
290 3669 366 3732 bene
386 3668 556 3804 ειςὶηὸῐὲηῑ.
