2570 4180
583 349 630 418 37

174 528 233 590 Cui
262 528 368 590 fratres
399 527 631 608 responderunt,
660 525 836 604 *quorsum
858 533 1002 606 spectant
1022 525 1082 587 ista

133 612 275 674 somnia?
297 611 382 674 Num
405 621 438 673 tu
459 611 520 672 eris
541 631 594 672 rex
615 608 742 670 noster?
774 609 862 670 Num
884 608 1082 691 subjiciemur

133 695 244 756 ditioni
260 695 344 756 tuae?

175 778 297 841 Fratres
324 777 418 860 igitur
440 776 619 840 invidebant
639 774 689 842 ei:
718 784 750 836 at
772 785 860 856 pater
880 794 946 836 rem
967 773 1082 835 tacitus

134 861 362 924 considerabat.

584 969 633 1024 40.
681 945 694 978 ”

176 1063 324 1132 Quadam
337 1063 387 1126 die
402 1083 498 1144 quum
512 1063 620 1125 fratres
641 1063 768 1144 Josephi
790 1072 954 1143 pascerent
971 1082 1083 1144 greges

134 1145 255 1228 procul,
270 1146 336 1227 ipse
350 1156 538 1209 remanserat
551 1147 645 1208 domi.
690 1145 827 1208 Jacobus
852 1145 935 1208 misit
950 1163 1023 1208 eum
1044 1145 1084 1206 ad

134 1229 252 1305 fratres,
266 1239 302 1291 ut
315 1229 409 1292 sciret
422 1230 576 1310 quomodd
591 1251 623 1291 se
638 1229 800 1291 baberent.

176 1312 252 1387 Qui,
266 1311 406 1375 videnter
421 1312 591 1394 Josephmn
604 1312 791 1388 venientem,
807 1311 971 1374 consilium
991 1331 1085 1392 cepe·

134 1405 205 1458 runt
218 1394 300 1457 illius
314 1395 490 1458 occidendi.

176 1477 273 1554 Ecce,
300 1479 491 1559 inquiebant,
513 1478 680 1541 somniator
708 1479 813 1541 venit:
847 1479 1028 1540 occidamus
1049 1477 1085 1540 il·

135 1560 199 1623 lum
220 1569 254 1622 et
274 1561 472 1642 proiciamus
493 1561 525 1622 in
546 1572 696 1642 puteum:
722 1563 863 1624 dicemus
884 1561 985 1642 patri:
1020 1561 1086 1622 fera

135 1644 294 1737 devoravit
323 1582 503 1738 dosephum.
560 1645 652 1706 Tunc
675 1643 848 1726 apparebit*
865 1644 940 1723 quid
964 1664 1021 1706 sua
1041 1643 1086 1704 illi

137 1735 256 1808 prosint
269 1745 396 1788 somma.

590 1835 642 1891 41.

176 1930 302 2006 Ruben,
317 1927 370 2010 qui
390 1938 458 1992 erat
471 1938 547 1992 natu
566 1930 726 2006 maximus,
740 1927 918 1992 deterrebat
938 1927 1046 1992 fratres
1067 1949 1087 1992 a

138 2024 225 2078 tanto
239 2012 368 2076 scelere.

179 2095 295 2172 Nolite,
330 2095 500 2177 inquiebat,
535 2095 709 2160 interficere
740 2117 894 2180 puerum:
928 2106 977 2160 est
1003 2096 1086 2160 enim
1123 2131 1130 2138 ·

137 2179 230 2244 frater
243 2189 367 2242 noster:
387 2179 532 2242 dimittite
547 2201 618 2242 cum
633 2180 734 2262 potius
748 2181 780 2242 in
794 2181 876 2243 banc
891 2181 1022 2243 foveam.
1162 2175 1166 2184 “

150 2313 151 2316 ¹
179 2263 328 2326 Habebat
361 2262 394 2324 in
424 2263 527 2324 animo
556 2263 686 2324 liberare
711 2263 881 2345 Josephum
913 2283 952 2326 cx
979 2283 1086 2326 eomm

136 2346 289 2422 manibus,
303 2355 336 2407 et
349 2345 437 2406 illum
458 2345 617 2408 extrahere
639 2365 657 2406 e
680 2344 778 2420 fovea,
794 2356 887 2425 atque
907 2347 947 2408 ad
968 2357 1087 2426 patrem

137 2429 299 2492 reducere.
1077 2488 1081 2497 ,

76 2504 123 2614 5<
178 2511 295 2591 Reipsa
309 2511 355 2572 his
368 2510 470 2573 verbis
483 2509 610 2571 deducti
626 2519 697 2572 sunt
709 2510 748 2572 ad
761 2510 866 2572 mitius
880 2509 1053 2572 consilirun.

588 2639 640 2695 42.

179 2736 241 2800 Ubi
264 2734 416 2818 Josephus
441 2734 640 2816 pervenitad
664 2734 772 2798 fratres
793 2757 874 2812 suos,
889 2737 1087 2800 detraxerunt

137 2821 167 2882 ei
182 2829 297 2902 togam,
311 2819 373 2901 qui
396 2818 520 2880 indutus
534 2828 611 2896 erat,
625 2829 658 2881 et
679 2820 874 2882 detruserunt
896 2841 969 2882 eum
989 2821 1021 2882 in
1043 2821 1088 2882 so-

24 3057 26 3062 ·
111 2923 301 3048 „vessldinde
323 3005 419 3063 quum
442 2983 656 3046 consedissent
685 2984 725 3044 ad
757 2983 940 3045 sumendum
970 2984 1087 3060 cibum,

137 3076 365 3150 conspexerunt
382 3076 571 3128 mercatores
585 3066 638 3146 qui
653 3066 803 3147 petebant
824 3065 994 3148 AEgyptum
1016 3087 1088 3130 eum

71 3169 105 3251 *A
137 3150 265 3246 camelis
279 3149 474 3245 portantibus
488 3148 572 3210 varia
586 3158 732 3211 aromata.
927 3233 934 3246 .
963 3234 969 3247 .

179 3233 273 3326 Venit
286 3233 348 3293 illis
369 3253 402 3293 m
424 3247 560 3294 mentem
581 3231 750 3313 Josephum
771 3233 904 3297 vendere
926 3233 987 3296 rllrs
1008 3253 1088 3294 mer·

61 3397 105 3464 's
139 3316 410 3465 catiidindiirerunt
431 3395 600 3476 Josephum
628 3397 736 3480 viginti
758 3399 891 3461 nummis
922 3396 1087 3478 argenteis,

16 3485 18 3490 ’
139 3501 273 3560 eumque
288 3480 441 3540 duxerunt
455 3477 487 3539 in
501 3479 680 3562 AEgyptum.

373 3635 387 3659 ⁵
401 3633 523 3690 Quorsum
533 3635 744 3696 spectant-what
754 3634 845 3680 mean?

294 3699 506 3753 ,4,
