2570 4180
638 274 687 346 32

127 415 138 455 r

124 457 160 479 ¹*
234 452 343 522 Quum
364 451 417 515 ille
439 451 578 528 bibisset,
599 451 752 516 Rebecca
772 451 886 514 obtulit
906 451 1141 534 etiam‘aquam

189 537 327 600 camelis.
381 535 453 599 Hoc
481 535 597 598 indicio
625 535 774 618 cognovit
804 535 925 598 Eliezer
949 536 1033 617 quod
1060 536 1141 599 scira

189 619 348 702 cupiebat.

639 724 691 782 22.

120 819 147 879 *l
231 821 352 884 Eliezer
387 821 515 902 protulit
542 806 665 883 inaures
694 841 801 882 aureas
827 830 860 882 et
888 819 1033 896 armillas,
1065 837 1140 900 qaas

188 905 276 966 dedit
296 904 481 966 Rebeccae:
513 915 578 966 tum
603 904 808 987 interrogavit¹
832 903 916 964 illam
944 904 1033 985 cujus
1060 913 1142 966 esset

114 988 154 1065 y(
189 987 262 1062 lilia,
277 1008 351 1049 num
366 987 397 1047 in
412 988 505 1049 domo
520 988 614 1068 patris
629 1000 710 1048 esset
724 987 812 1048 locus
823 987 863 1048 ad
878 988 1140 1048 commorandum.

127 1138 129 1149 ¹
230 1070 289 1132 Cui
324 1070 474 1138 Rebecca
495 1071 677 1151 respondit:
706 1091 767 1150 ego
789 1091 856 1130 sum
879 1069 942 1130 filia
963 1069 1142 1132 Bathuelis:

125 1160 131 1206 l
189 1174 263 1216 avus
284 1174 372 1215 meus
393 1164 441 1216 est
463 1153 555 1215 frater
576 1152 770 1229 Abrahuni;
805 1163 852 1213 est
880 1152 963 1213 domi
986 1152 1073 1214 locus
1101 1153 1141 1212 ad

189 1238 442 1299 commorandum
466 1235 689 1316 amplissimus3
710 1246 758 1296 est
779 1234 873 1296 etiam
887 1235 1053 1314 plurimum
1068 1235 1141 1297 foeni

188 1330 221 1381 et
235 1320 394 1398 palearum
409 1320 449 1380 ad
464 1339 550 1379 usum
565 1316 765 1378 camelorum.

231 1401 329 1468 Quod
343 1401 471 1463 audiens
486 1399 606 1460 Eliezer
619 1399 685 1481 egit
698 1398 813 1480 gratias
827 1397 906 1474 Dea,
921 1398 973 1478 qui
985 1400 1143 1463 tribuisset

188 1483 247 1547 iter
261 1503 440 1566 prosperum
454 1481 525 1544 sibi.

117 1629 169 1751 fl
231 1684 384 1750 Rebecca
404 1684 580 1768 properavit
604 1681 730 1747 domum
751 1693 784 1746 et
804 1682 938 1745 narravit
957 1683 1047 1746 matri
1076 1705 1140 1747 suae

188 1789 228 1831 ee
241 1791 312 1849 quoe
328 1769 387 1830 sibi
401 1769 607 1850 contigerant.

230 1851 376 1912 Labanus
401 1851 677 1925 sraterRebeccae‚
699 1869 793 1928 quum
819 1849 984 1911 audivisset
1006 1871 1140 1914 sororem

187 1942 373 2006 narrantem,
383 1931 478 1992 adivit
492 1931 658 2006 hominem,
673 1932 725 2012 qui
748 1931 851 1992 stabat
865 1933 905 1993 ad
930 1932 1048 1995 sontem
1068 1955 1141 2002 cum

187 2013 326 2088 camelis,
341 2023 373 2075 et
383 2013 576 2094 compellans
590 2034 683 2075 eum:
705 2014 878 2095 ingredere,
893 2015 1002 2094 inquit,
1016 2017 1140 2079 domine

114 2111 134 2143 ι’
186 2095 250 2156 mi:
278 2117 333 2239 pur
357 2106 419 2158 stas
447 2095 546 2158 foris?
575 2096 683 2158 Paravi
704 2095 873 2178 hospitium
894 2097 951 2160 tibi
976 2109 1008 2161 et
1036 2099 1141 2162 loctun

187 2197 327 2240 carneis.

192 2297 195 2308 ·
229 2260 312 2324 Dein
326 2261 455 2324 deduxit
468 2282 540 2324 eum
554 2263 690 2339 domum,
705 2261 798 2345 eique
813 2261 919 2325 cibum
934 2264 1088 2345 apposuit.

637 2389 688 2445 24.

229 2483 385 2547 Continub
422 2485 543 2548 Eliezer
578 2484 721 2566 exposuit
758 2483 938 2565 parentibus
979 2483 1139 2548 Rebeccae

186 2582 313 2625 causam
328 2566 445 2626 itineris
459 2569 604 2648 suscepti,
626 2567 807 2648 rogavitque
829 2577 864 2630 ut
885 2579 1058 2632 annuerent
1071 2591 1141 2651 pos-

185 2641 330 2704 tulationi
345 2666 421 2704 suae.

229 2721 297 2787 Qui
312 2724 554 2802 responderunt:
576 2728 619 2786 ita
632 2727 773 2786 voluntas
787 2728 847 2787 Dei
863 2727 941 2804 fert3
956 2749 1017 2788 nec
1033 2751 1140 2809 possu-

183 2820 253 2861 mus
267 2803 337 2866 Deo
351 2804 512 2866 obsistere.
545 2807 593 2866 En
605 2807 773 2882 Rebecca3
795 2807 1011 2884 proficiscatur
1025 2821 1139 2892 tecum,

183 2893 321 2960 nuptura
334 2885 454 2946 Isaaco.

190 3001 193 3006 ·
225 2964 311 3028 Tum
340 2967 463 3028 Eliezer
497 2968 688 3048 deprompsit
708 2986 781 3027 vasa
803 2987 898 3030 aurea
918 2980 951 3031 et
979 2985 1139 3053 argentea,

183 3054 347 3124 vestesque
362 3049 520 3126 pretiosae,
531 3071 607 3127 quas
620 3050 708 3110 dedit
721 3047 879 3110 Rebeccae
892 3073 902 3127 3
916 3052 1030 3116 obtulit
1044 3057 1139 3121 etiam

183 3141 314 3186 munera
326 3127 416 3188 matri
431 3130 497 3209 ejus
511 3140 545 3190 et
559 3131 651 3203 fratri,
666 3140 699 3190 et
712 3129 846 3190 inierunt
859 3131 1044 3198 convivium.

538 3271 542 3279 ·
634 3251 687 3306 25.

227 3339 379 3407 Postridie
417 3343 537 3408 Eliezer
574 3365 703 3427 surgens
730 3349 821 3412 mane
849 3327 926 3415 disit
957 3358 1137 3436 parentibus

184 3419 367 3490 Rebeccae:
394 3426 487 3490 herus
511 3449 599 3491 meus
619 3445 670 3493 me
698 3443 878 3516 exspectat3
906 3437 1052 3506 dimittite
1075 3461 1136 3521 me,
1183 3431 1190 3447 ’

184 3509 220 3562 ut
232 3504 359 3572 redeam
373 3511 414 3574 ad
428 3511 524 3575 illum.
