2590 4194
474 365 591 428 rassin
614 381 807 438 comnotus.
1062 359 1124 420 115

197 532 258 596 La.
281 532 582 598 Prrestiterat'natare.
1037 611 1039 616 ¹

202 615 257 678 Vr.
280 615 357 679 Mihi
371 639 431 679 non
445 619 542 700 placet
554 638 690 680 ranarum
704 617 772 679 vita.
815 616 934 680 Animal
944 637 1009 680 sum
1018 634 1125 682 terres·

154 711 209 776 tre,
224 721 284 760 non
299 701 487 782 amphibium.

198 781 258 844 La.
284 783 345 843 Sed
373 797 470 845 tamen
499 785 557 847 hoc
586 784 806 846 exercitamenti
834 803 925 868 genus
953 783 1023 846 olim
1053 804 1124 848 cum
1203 831 1206 836 -

155 865 255 948 primis
269 865 430 928 habebatur
439 868 567 930 liberale.

139 947 543 1016 ‚mmmm

197 1030 257 1093 La.
281 1031 331 1092 Ad
352 1032 440 1114 quid?

202 1113 253 1176 Vr.
278 1113 310 1175 Si
325 1113 493 1196 fugiendum
507 1115 543 1178 sit
556 1115 585 1177 in
598 1116 688 1192 bello,
703 1115 742 1178 ihi
755 1115 937 1198 potissimirm
951 1117 1052 1180 valent
1073 1117 1123 1202 qui

153 1216 319 1342 sesipurpp
334 1198 445 1280 pedum
461 1211 490 1259 et
504 1212 602 1342 platagu
617 1215 822 1260 exercuemnt.
892 1282 959 1344 dam
1014 1282 1047 1346 N

248 1327 255 1340 .
310 1294 384 1342 rtem
400 1302 497 1342 narras
529 1303 565 1343 au
607 1303 644 1342 ua
667 1303 780 1343 uamas
819 1303 890 1344 man
962 1328 970 1344 .
1046 1303 1123 1346 eue

153 1363 231 1425 enim
245 1363 340 1425 minhs
355 1364 447 1426 laudis
463 1377 507 1426 est
522 1303 678 1449 alithanhh
691 1365 768 1427 bene
780 1303 884 1449 higna
904 1365 992 1451 quinn
1013 1305 1123 1430 sortiter

174 1467 295 1508 unare.

153 1467 252 1592 phft.
279 1529 352 1591 Sum
377 1528 464 1612 planh
488 1531 567 1592 mdis
593 1543 623 1592 et
647 1530 797 1614 imperitus
822 1531 951 1612 natandi,
974 1553 1031 1596 nec
1059 1531 1122 1596 sino

153 1611 283 1694 periculo
297 1632 447 1673 versamur
461 1613 491 1673 in
506 1613 600 1674 alieno
615 1613 770 1675 elemento.

195 1693 256 1756 La.
280 1693 341 1755 Sed
356 1714 522 1756 assuescere
537 1707 663 1777 oportet,
677 1695 775 1758 Nemo
790 1693 923 1756 nascitm
937 1695 1057 1778 artifex.

202 1775 256 1838 W.
278 1777 322 1839 At
356 1797 413 1859 ego
448 1777 527 1840 istius
555 1778 668 1860 generis
696 1778 820 1840 artifices
847 1779 1015 1861 permultos
1037 1778 1123 1843 audio
1179 1801 1184 1808 ·

153 1858 279 1935 natasse,
294 1859 345 1921 sed
360 1881 419 1922 non
434 1859 575 1922 enathsse.
694 1921 702 1934 ,

195 1941 256 2005 La.
280 1941 451 2024 Experieris
465 1942 591 2024 primhm
606 1942 724 2005 innixus
737 1943 842 2005 suberi.

200 2023 253 2088 W·
277 2024 344 2086 Nec
369 2025 466 2086 suberi
490 2026 549 2088 fido
573 2024 668 2108 magis
691 2026 779 2109 quim
803 2025 937 2108 pedihus.
982 2026 1016 2092 Si
1039 2027 1122 2093 vohis

153 2107 234 2170 cordi
248 2121 293 2170 est
307 2108 424 2184 natatio,
440 2121 584 2190 spectator
597 2129 662 2170 esse
677 2110 755 2172 malo
770 2109 859 2194 quim
871 2123 1006 2175 certator.

555 2360 641 2414 GOL.
666 2361 720 2414 111.

177 2495 298 2549 eronus,
318 2495 452 2549 rnomns,
472 2495 665 2555 vrnonrrrrns,
686 2495 888 2550 mnnnnrrus,
910 2495 1095 2538 eunuchus.

196 2598 323 2695 Paulus.
373 2597 483 2660 {trahit
503 2620 558 2661 aua
579 2621 720 2684 quemque
743 2597 884 2684 uoluptas.
929 2598 1006 2662 Mihi
1027 2599 1124 2686 pl'acht

154 2697 336 2862 vethahnhhoe.
359 2765 463 2828 Placet
477 2765 608 2829 etmihi:
631 2764 684 2828 sed
698 2765 748 2827 ubi
762 2767 871 2828 canes?
893 2765 943 2828 ubi
956 2765 1122 2829 venabula?

153 2849 403 3028 Ubhfthsssaieant
419 2931 489 3015 apri,
503 2931 571 3008 ursi,
586 2931 666 2994 cervi
680 2945 710 2994 et
723 2931 836 3014 vulpes,
851 2952 905 2993 nos
925 2931 1123 2996 insidiabimur

153 3015 387 3160 cmlllcthlhhhtim.
409 3098 451 3158 At
465 3117 521 3178 ego
535 3097 657 3181 laqueos
670 3095 795 3180 injiciam
809 3094 945 3159 locustis:
967 3093 1124 3158 insidiabor

153 3181 260 3264 gryllis.

195 3261 389 3326 Laurentiru.
412 3261 480 3344 Ego
493 3283 578 3324 ranas
591 3261 728 3346 captabo.

197 3343 370 3408 Bartholus.
394 3343 460 3426 Ego
474 3344 633 3426 papiliones
648 3344 787 3408 venabor.
864 3409 868 3420 ,

194 3425 257 3491 La.
280 3427 411 3488 Difficile
426 3440 469 3487 est
484 3427 586 3488 sectari
600 3427 737 3490 volantia.

193 3511 256 3574 Ba.
280 3509 420 3586 Difficile,
435 3508 488 3570 sed
510 3509 682 3592 pulchmm;
703 3507 760 3572 nisi
779 3509 927 3592 pulchrius
949 3527 1017 3573 esse
1038 3506 1122 3575 ducis
1197 3505 1201 3512 ’

151 3593 256 3660 sectari
270 3593 428 3658 lumbricos
442 3604 492 3656 aut
506 3593 652 3674 cochleas,
668 3593 737 3678 qnia
749 3605 850 3656 carent
863 3591 926 3655 alis.
