2570 4180
489 508 612 568 MR!
638 509 851 576 uuum.

625 705 715 732 ΞΕ

248 865 669 947 PROMISCUOUS
717 868 1091 952 SENTENCES.

236 1198 405 1266 Docrarrrn
418 1211 450 1266 ct
464 1203 559 1268 virtus
573 1203 732 1266 tutissimae
747 1211 820 1266 sunt
832 1202 959 1266 divitioe.

235 1284 273 1348 In
286 1287 431 1350 secundis
445 1287 537 1350 rebus
561 1307 655 1350 nemo
672 1287 820 1350 confidat.
864 1285 950 1350 Male
964 1285 1071 1349 urunt
1090 1287 1146 1368 qui

192 1387 317 1449 semper
329 1370 431 1432 vivere
445 1369 609 1452 incipiunt.

233 1450 360 1514 Initium
373 1462 421 1515 est
435 1451 542 1515 salutis
555 1452 666 1516 notitia
686 1453 821 1535 pcccati.
866 1452 933 1522 Qui
956 1471 1088 1535 peccare
1110 1473 1145 1515 se

192 1533 295 1598 uomit
307 1535 421 1618 corrigi
437 1555 499 1598 non
513 1535 589 1600 vult.

234 1617 321 1682 Vitia
333 1639 389 1682 sua
403 1618 544 1683 confiteri
559 1617 698 1682 sanitatis
712 1618 861 1682 indicimu
874 1629 932 1684 est.

234 1699 309 1765 Pars
322 1702 442 1766 virtutis
455 1701 620 1784 disciplina
633 1713 765 1778 constat,
779 1723 850 1784 pars
863 1701 1095 1766 exercitatione.

232 1784 417 1848 Securitatis
430 1805 545 1870 magna
559 1807 629 1868 pars
643 1785 781 1848 estnihil
796 1785 893 1866 iniqui
909 1785 1022 1847 facere.

234 1866 345 1949 Magni
375 1867 471 1930 animi
498 1868 657 1950 proprium
682 1878 731 1930 est
759 1869 885 1952 injurias
905 1877 938 1931 et
958 1867 1144 1932 offensiones

193 1947 366 2031 despicere.

233 2113 369 2180 Fortuna
381 2115 479 2180 vitrea
492 2125 560 2196 est;
582 2117 654 2180 cum
667 2117 819 2199 splendet,
834 2114 993 2202 frangitur.

190 2197 378 2348 dlQuisque
397 2201 438 2264 ad
457 2200 600 2265 virtutem
623 2199 766 2277 accessit,
797 2201 885 2265 dedit
912 2221 1072 2286 generosae
1098 2199 1144 2263 in-

213 2303 272 2348 ors
286 2304 384 2366 spem.

192 2366 344 2514 batiolam
371 2367 503 2433 subinde
524 2368 660 2447 nebulae,
680 2367 832 2433 rationem
860 2367 993 2432 affectus
1014 2368 1144 2431 obtene-

216 2461 296 2516 rant.

235 2535 324 2599 Nihil
337 2535 413 2599 boni
427 2535 492 2599 otio
506 2547 539 2600 ct
553 2535 676 2631 ignavia
689 2547 823 2618 paratur.

234 2616 307 2679 Hoc
322 2618 411 2694 scito,
425 2618 543 2680 nullam
557 2619 783 2681 simulationem
796 2619 851 2682 diu
866 2620 962 2682 latere
977 2639 1078 2699 posse.

234 2697 392 2760 infelicior
405 2708 453 2759 est
466 2699 608 2780 injuriam
623 2701 675 2778 qui
692 2700 776 2773 facit,
791 2701 882 2777 quam
897 2701 948 2778 qui
965 2701 1104 2762 sustinet.

234 2779 286 2842 Ab
301 2777 373 2854 alio,
387 2779 479 2858 quam
494 2799 512 2840 a
526 2779 638 2859 seipso,
650 2780 768 2840 laudari
782 2789 919 2858 praestat.

233 2859 295 2926 Dei
309 2859 454 2945 auspiciis
468 2861 626 2926 universus
640 2860 713 2924 coeli
725 2860 801 2922 ordo
815 2859 941 2940 regitur.

234 3029 282 3092 Ex
296 3028 371 3092 vitio
385 3027 488 3092 alieno
502 3026 625 3108 sapiens
639 3023 784 3088 emendat
798 3045 899 3086 suum.

234 3111 332 3176 Eram
355 3110 419 3172 lum
433 3121 481 3172 est
495 3110 592 3173 tacita
605 3107 749 3188 quaedam
763 3107 942 3170 admonitio.

233 3192 316 3256 Infra
330 3131 436 3255 ianam
448 3192 526 3254 nihil
540 3199 588 3256 est
600 3190 658 3252 nisi
673 3190 802 3252 mortale
816 3200 849 3251 et
862 3191 1026 3254 caducum.

234 3276 323 3348 Quid
338 3294 461 3358 quoque
476 3273 528 3336 dic
542 3271 644 3368 egeris
657 3273 775 3353 vesperi
791 3293 1009 3336 commemora.

234 3359 355 3425 Natura
381 3357 472 3423 nobis
501 3357 588 3419 dedit
609 3355 809 3424 diversorium
836 3357 1058 3437 commorandi,
1079 3376 1142 3422 non

189 3442 366 3510 habitandi.

233 3526 404 3608 Nunquam
417 3523 491 3586 sutis
504 3521 624 3585 laudari
639 3532 742 3605 potest
756 3521 961 3606 philosophia.
