2590 4194
193 357 253 418 180
507 372 625 416 asason
648 371 840 428 connoomr.

229 513 438 602 Hieronymus.
460 513 600 582 Prosectb
614 521 693 583 mitis
707 521 802 582 modis
815 520 942 584 arrident
962 517 1067 582 omnia.

189 597 367 746 dil'awm
390 601 514 685 Oportet
534 602 613 666 hunc
637 604 751 667 bortum
773 603 871 688 aliquis
890 601 1159 688 compotatinnculd

210 703 335 747 cacare.

230 766 421 830 horontius.
445 766 544 830 Recte
560 784 658 834 monet
672 784 769 834 noster
781 770 919 834 Jacobus.

229 849 280 912 At.
305 849 427 913 Talibus
442 853 586 934 mysteriis
605 854 669 940 jam
690 855 760 917 olim
781 855 905 917 initiatus
927 868 972 917 est
993 855 1041 916 hic
1063 855 1153 915 locus.

189 931 302 995 Variam
317 934 418 996 scitote
432 935 502 997 nihil
516 936 564 999 hio
579 957 644 1000 esse
668 939 756 1000 unde
770 939 852 1000 vobis
874 939 1045 1000 merendam
1071 936 1159 998 exhi-

187 1017 283 1092 beam,
293 1015 348 1081 nisi
360 1018 454 1099 placet
467 1017 574 1103 absque
586 1021 653 1084 rino
663 1022 854 1105 compotatio:
870 1022 998 1084 lactucas
1010 1039 1154 1104 apponam

186 1099 296 1182 absque
318 1101 389 1176 sale,
411 1116 496 1164 aceto
517 1118 547 1166 et
567 1105 643 1180 oleo,
658 1105 716 1166 vini
737 1107 846 1187 guttula
866 1127 924 1167 non
938 1117 992 1180 est,
1008 1105 1060 1166 nisi
1075 1102 1155 1186 quod

186 1183 275 1266 gignit
287 1183 333 1246 hic
345 1198 458 1268 putans.
496 1185 544 1248 Ne
550 1188 634 1286 panis
644 1187 761 1269 quidem
770 1187 853 1248 adest
862 1201 911 1248 aut
919 1188 1068 1269 poculum,
1080 1199 1110 1246 et
1119 1207 1157 1247 ea

186 1281 231 1329 est
244 1266 311 1328 anni
326 1287 468 1350 parsque
483 1289 574 1350 magis
588 1269 679 1350 pascit
693 1269 793 1329 oculos
809 1269 895 1350 quiam
911 1283 1050 1329 ventrem.

227 1347 289 1410 Bo.
314 1349 375 1410 Sed
400 1351 491 1410 habes
514 1351 625 1410 tabulas
649 1349 779 1425 lusorias,
802 1351 893 1411 habes
918 1349 1063 1432 sphaeras:
1086 1350 1150 1410 lusu

188 1430 348 1493 dicabimus
363 1431 487 1506 hortum,
502 1432 526 1493 si
540 1432 635 1494 minus
648 1432 715 1494 licet
728 1432 872 1494 convivio.

226 1513 277 1576 Al.
301 1513 451 1587 Quoniam
466 1527 527 1576 tam
549 1515 616 1576 belli
637 1515 805 1576 homunculi
827 1515 1034 1590 convenimus3
1055 1514 1152 1576 habeo

186 1597 325 1683 quiddam
339 1598 418 1680 quod
433 1598 481 1659 vel
494 1599 589 1658 lusum
603 1598 652 1658 vel
666 1597 834 1659 convivium
846 1597 940 1694 possis
961 1597 1070 1675 dicere,
1084 1596 1155 1658 meh

186 1680 329 1745 sententiis
342 1680 435 1743 multd
447 1679 562 1764 digniits
575 1680 612 1742 ad
626 1680 705 1742 hunc
718 1680 832 1742 hortum
845 1679 1024 1742 miniandum.

235 1765 288 1828 Gn.
313 1763 497 1838 Quodnam?

227 1847 278 1912 Al.
303 1848 397 1910 Suum
426 1847 547 1930 quisque
586 1847 750 1930 symbolum
786 1846 932 1927 consera13
967 1867 1026 1909 non
1062 1846 1153 1910 deerit

185 1932 306 2006 lautum,
320 1951 377 1991 nec
391 1929 485 1990 minias
500 1951 590 1991 suave
603 1931 779 1992 convivium.
881 1971 884 1978 ·

226 2012 300 2077 AEnt
319 2010 386 2072 lius.
410 2009 494 2083 Quid
505 2010 681 2089 adferemus,
691 2012 739 2096 qni
755 2012 838 2074 vacui
853 2013 911 2075 huc
927 2013 1112 2076 venerimus?

225 2094 277 2159 Al.
333 2093 409 2170 acui,
426 2093 475 2177 qui
489 2106 602 2155 tantum
616 2113 708 2176 opum
721 2095 931 2166 circumferatis
944 2097 974 2159 in
987 2098 1129 2181 pectore?
1154 2143 1157 2148 -

225 2178 281 2243 Fr.
305 2176 510 2260 Expectemus
525 2177 594 2260 quid
610 2176 689 2238 velis.

225 2261 278 2328 Al.
301 2260 436 2324 Proferat
450 2260 479 2323 in
493 2259 624 2322 medium
639 2260 717 2344 quod
732 2261 852 2346 quisque
867 2283 922 2346 per
941 2262 1018 2326 hanc
1039 2262 1150 2325 hebdo-

185 2349 303 2415 modam
318 2345 387 2430 legit
401 2343 657 2429 elegantissimum.

282 2480 289 2494 .
313 2427 411 2494 Rectb
426 2449 545 2504 moncs3
567 2428 636 2490 nihil
650 2428 695 2489 vel
711 2427 874 2512 hujusmodi
887 2429 1035 2505 conviviis,
1049 2429 1096 2491 vel
1120 2443 1149 2491 te

183 2528 380 2589 conmunione,
391 2512 439 2576 vel
453 2512 510 2574 hoo
524 2512 590 2574 loco
604 2509 725 2593 dignius.
769 2509 817 2588 Te
829 2512 913 2597 hujus
923 2512 1033 2576 consilii
1043 2512 1149 2574 ducem

184 2617 342 2680 sequemur
355 2614 470 2656 omncs.
1161 2652 1163 2656 .

224 2677 275 2739 etl.
299 2677 351 2737 Nu
364 2694 479 2749 recuso,
494 2675 518 2735 si
533 2675 613 2736 vobis
628 2675 668 2736 ita
681 2677 802 2737 videtur.
848 2677 947 2739 Hodie
962 2679 1151 2740 vehementer

182 2757 337 2821 delectavit
360 2755 488 2816 animum
518 2775 618 2816 meum
643 2755 672 2815 in
695 2755 813 2817 homine
834 2779 892 2818 non
914 2760 1068 2821 christiano
1090 2775 1150 2822 tam

181 2840 336 2905 christiana
364 2835 518 2899 sententia.
562 2835 694 2898 Phocion
715 2837 804 2912 enim,
828 2859 885 2919 quo
906 2839 955 2900 vix
977 2841 1049 2901 alius
1071 2844 1149 2922 apud

183 2923 380 2989 Athenienses
395 2918 448 2982 tuit
461 2919 504 2982 vir
517 2918 640 2981 sanctior
655 2919 834 3003 publicaque
848 2921 971 2983 utilitatis
986 2922 1147 3000 studiosior,

181 3011 251 3072 ciam
267 3027 320 3091 per
334 3005 470 3069 invidiam
486 3003 638 3065 damnatus
650 3017 726 3066 esset
736 3003 876 3065 bibiturus
886 3005 1022 3080 cicutam,
1032 3020 1149 3088 rogatus

183 3096 219 3157 ab
235 3091 334 3154 amicis
349 3088 418 3174 qnid
429 3087 517 3149 vellet
528 3087 685 3148 etiamnum
697 3087 828 3148 mandari
837 3087 900 3149 filiis
910 3089 979 3166 suis,
991 3087 1040 3152 Nc
1052 3087 1148 3173 hrty'm,

183 3177 284 3262 inquit,
298 3173 312 3236 i
337 3172 416 3234 'nnc
430 3167 522 3233 velint
536 3191 666 3253 unquam
679 3169 848 3232 meminisse.

226 3261 286 3324 Bu.
310 3195 388 3319 lam
413 3253 529 3350 insignis
555 3254 699 3336 patientiae
723 3255 895 3337 exemplum
918 3254 969 3317 vix
990 3255 1078 3317 hodie
1102 3275 1149 3317 re·

183 3345 277 3431 perias
291 3343 364 3404 inter
386 3337 595 3401 Domintcanos
617 3350 647 3398 et
670 3336 889 3399 Franciscanos.
933 3337 1034 3422 ltaque
1056 3337 1148 3402 simile

183 3429 317 3501 reseram,
343 3421 460 3508 quando
485 3441 539 3503 par
562 3441 622 3482 non
651 3441 781 3502 possum.
835 3420 978 3482 Aristides
1003 3420 1148 3483 Phocioni

182 3511 343 3572 simillimus
357 3520 420 3569 erat
433 3503 560 3566 moribus
575 3503 834 3586 incorruptissimis,
849 3503 924 3565 adeb
939 3518 970 3566 ut
985 3505 1088 3586 vulgus
1109 3504 1148 3567 illi

182 3591 265 3653 Justi
278 3590 408 3652 tribuerit
421 3607 596 3672 cognomen.
640 3586 689 3648 Ob
704 3586 789 3670 hujus
802 3587 981 3670 cognominis
1003 3587 1146 3667 invidiam,
