2590 4194
169 321 229 385 126
482 335 601 380 nnasru
624 335 816 390 comoaurr.
882 337 885 342 ·

208 479 269 546 Pt.
292 483 385 566 Atqui
399 483 447 545 illa
460 483 541 545 cerni
555 504 613 544 non
627 497 733 566 potest.

207 564 273 627 Ne.
296 566 424 642 Fateor,
445 565 590 648 corporeis
618 567 731 641 oculis;
768 565 870 626 verlnn
891 565 1018 626 cernitur
1041 564 1131 626 oculis

167 648 265 724 animi,
281 671 344 732 que
359 671 426 731 pars
439 662 483 710 est
498 650 621 712 hominis
643 651 746 731 potior.
791 648 831 708 Et
852 648 902 708 ubi
924 669 1006 709 amor
1026 662 1070 709 est
1089 648 1131 708 in·

166 731 320 806 credibilis,
334 733 372 793 ibi
386 753 500 794 summa
514 733 646 814 voluptas
660 733 734 794 adsit
748 744 873 814 oportet,
888 731 1000 814 quoties
1021 731 1131 792 animus

166 833 235 874 cum
250 815 299 875 tali
314 813 408 875 amicti
422 815 618 896 congreditur.

208 895 268 957 Pl.
294 895 458 958 Verisimile
473 919 580 959 narras,

207 977 309 1042 ΝΜ
336 1001 415 1042 nunc
440 996 470 1042 et
494 1003 639 1057 somnum,
665 981 763 1044 mortis
786 979 953 1064 imaginem,
978 1002 1048 1042 cum
1076 979 1132 1042 hac

165 1061 314 1142 voluptate
327 1078 487 1139 commuta,
502 1065 524 1125 si
540 1065 662 1126 videtur.

207 1144 268 1208 Plt.
294 1145 408 1208 Verum
422 1147 536 1209 interim
551 1162 675 1230 pereunt
689 1147 823 1208 nocturni
837 1147 926 1208 lusus.

208 1228 272 1292 Ne.
295 1228 382 1292 Bene
406 1244 537 1311 pereunt,
563 1252 626 1310 quae
655 1229 754 1312 pejora
778 1230 953 1304 melioribus,
979 1229 1133 1292 inhonesta

165 1313 319 1396 preclaris,
357 1312 490 1374 vilissime
528 1311 737 1392 pretiosissimis
776 1324 983 1392 permutantur.
1043 1311 1132 1373 Bene

165 1395 261 1477 perdit
275 1395 435 1477 plumbum,
446 1394 494 1476 qui
510 1393 579 1454 illud
594 1393 678 1454 vertit
693 1393 722 1453 in
733 1415 845 1454 aurum.
889 1392 1018 1457 Noctem
1029 1408 1131 1456 nature

164 1498 267 1539 somno
291 1478 407 1555 tribuit3
428 1477 471 1538 scl
485 1477 620 1538 exoriens
632 1475 701 1538 cirm
715 1497 802 1537 omne
818 1477 1006 1538 animantium
1028 1498 1131 1558 geme,

165 1573 228 1623 turn
252 1559 399 1656 precipue
425 1559 584 1634 hominem,
608 1559 645 1619 ad
671 1558 735 1620 vite
759 1558 858 1618 munia
871 1572 1008 1628 revocat.
1067 1559 1133 1641 Qui

166 1643 325 1719 dormiunt,
339 1643 432 1727 inquit
445 1641 566 1718 Paulus,
576 1650 659 1704 nocte
673 1641 820 1704 dormiunt
828 1663 838 1715 ,·
861 1650 889 1702 et
904 1639 956 1724 qui
970 1639 1132 1716 ebroicam,

165 1736 248 1789 nocte
263 1725 339 1789 ebrii
352 1735 427 1788 runt.
473 1725 599 1786 Proinde
614 1724 685 1807 quid
706 1724 816 1806 turpius
838 1723 925 1806 quim
947 1722 1014 1803 cum
1036 1723 1133 1784 omnia

165 1809 323 1870 animantia
342 1831 412 1872 curn
433 1809 493 1870 sole
514 1809 763 1889 expergiscantur,
787 1807 921 1890 quedam
942 1805 1030 1870 etiam
1051 1805 1131 1867 illum

165 1891 296 1952 nondum
310 1903 509 1972 apparentem,
524 1890 576 1950 sed
591 1891 807 1964 adventantem,
819 1903 906 1951 cantu
921 1889 1054 1964 salutent,
1064 1889 1132 1951 cum

165 1971 341 2052 elephantus
364 1973 456 2033 solem
471 1972 611 2032 orientem
626 1971 736 2046 adoret,
748 1972 897 2032 hominem
912 1971 962 2032 diir
976 1985 1043 2053 post
1064 1972 1131 2034 solis

165 2066 302 2116 exortum
325 2055 468 2115 stertere?
491 2051 616 2124 Quoties
645 2073 750 2114 aureus
774 2054 821 2114 itte
846 2053 983 2136 splendor
1011 2055 1132 2116 illustrat

165 2136 332 2198 cubiculum
360 2149 454 2211 tuum,
482 2156 579 2196 nonne
608 2135 722 2197 videtur
753 2137 932 2218 exprobrare
968 2137 1129 2200 dormienti.

166 2224 187 2258 ‘⁶
196 2218 301 2296 Stulte,
316 2219 385 2303 quid
399 2218 539 2300 optimam
553 2217 619 2280 vitae
640 2233 695 2281 tuae
718 2234 832 2301 partem
853 2219 963 2301 gaudes
985 2221 1130 2302 perdere?

165 2323 225 2365 non
240 2304 269 2366 in
283 2304 340 2366 hoc
353 2303 450 2378 luceo,
464 2315 496 2364 ut
517 2301 603 2364 abditi
625 2303 781 2379 dormiam,
796 2303 848 2364 sed
869 2317 900 2366 ut
926 2303 1011 2366 rebus
1026 2305 1132 2366 hones-

165 2386 282 2450 tissimis
302 2386 459 2470 invigiletis.
504 2383 606 2448 Nemo
623 2387 771 2464 lucernam
792 2386 926 2448 accendit
946 2399 978 2446 ut
999 2385 1131 2462 dormiat,

165 2470 267 2534 sedut
281 2471 386 2554 aliquid
400 2469 497 2550 operis
517 2483 599 2550 agat:
622 2470 710 2532 etad
733 2470 809 2530 hanc
831 2469 979 2532 lucemam
1001 2471 1130 2532 omniurn

165 2553 389 2634 pulcherrimam
405 2553 474 2614 nihil
489 2551 567 2614 aliud
582 2550 670 2635 quim
685 2553 797 2616 stertis?
808 2553 827 2581 ''

207 2635 268 2696 Pt.
291 2633 378 2694 Beue
393 2635 549 2694 declamas.

206 2714 268 2776 Ne.
291 2714 361 2774 Non
382 2713 469 2786 belle,
484 2715 537 2774 sed
559 2712 637 2774 vere.
681 2715 711 2775 Α
731 2736 760 2790 e,
782 2737 839 2778 non
862 2717 961 2778 dubito
982 2718 1051 2798 quin
1074 2717 1132 2780 t're-

165 2808 289 2879 quenter
302 2793 443 2856 audiveris
457 2793 527 2854 illud
549 2793 682 2870 Hesiodi,
698 2736 774 2856 §lero
789 2796 926 2878 infundo
934 2797 1129 2880 parsimonia.

207 2877 266 2941 Pt.
290 2875 545 2960 Frequentissimle.
590 2875 669 2940 Nam
694 2877 722 2938 in
747 2877 815 2940 dolii
841 2880 939 2941 medio
960 2879 1060 2942 vinum
1086 2897 1131 2946 est

166 2961 320 3044 optimum.
879 3009 882 3014 ,

207 3043 268 3140 ¹(lt'e.
290 3041 382 3126 Atqui
395 3041 425 3103 in
440 3040 499 3104 virt
513 3041 603 3124 prima
624 3063 701 3126 pars,
712 3043 846 3106 nimirum
867 3043 1070 3122 adolescentia,
1085 3060 1129 3110 est

164 3139 285 3210 optma.

206 3209 266 3274 Plt.
289 3205 429 3270 Profecti)
443 3207 483 3268 sic
499 3220 549 3268 est.

206 3292 269 3358 Ne.
290 3289 336 3356 At
350 3289 509 3352 diluculum
523 3291 580 3352 hoc
596 3305 639 3352 est
653 3290 720 3368 diei,
736 3293 815 3374 quod
837 3291 1030 3356 adolescentia
1051 3293 1125 3357 vitae.

164 3375 213 3441 An
227 3397 287 3440 non
300 3375 383 3458 igitur
396 3371 483 3434 stulte
498 3372 605 3434 faciunt
619 3375 668 3457 qui
682 3375 906 3438 adolescentiam
928 3375 1020 3460 nugis,
1034 3390 1129 3439 matu-

163 3461 236 3526 tinas
252 3459 337 3520 horas
351 3477 454 3518 somno
473 3457 619 3538 perdunt?

141 3593 144 3602 .
206 3539 266 3603 Pt.
290 3540 342 3602 sic
361 3553 489 3623 apparet.
