2590 4194
623 352 693 422 104

222 531 327 614 Siquis
341 531 534 614 impietatem
548 532 686 612 quamvis
700 530 825 594 occult'e
841 528 960 606 fecerit,
980 549 1142 611 nunquam
1167 587 1171 594 .

180 623 286 678 manen
300 616 438 680 confidat
451 637 521 678 eam
537 616 601 678 fore
617 636 739 696 semper
753 614 922 676 occultam.
978 613 1140 695 Improbo-

179 717 249 762 rum
273 699 357 762 facta
378 700 476 781 primo
495 699 632 780 suspicio
647 698 828 778 insequitur,
842 697 956 760 deinde
971 718 1072 759 senno
1095 708 1140 760 at-

180 801 242 862 que
257 781 348 858 fama,
366 793 431 844 tum
451 782 621 858 accusatio,
636 793 703 844 tum
723 781 838 865 judex:
858 780 948 843 multi
971 781 1067 843 etiam
1081 781 1140 864 ipsi

179 883 214 928 se
229 864 454 928 indicaverunt.

222 947 255 1010 N
257 947 321 1010 ulla
335 959 439 1030 potest
453 971 521 1012 esse
536 949 569 1011 in
584 949 703 1012 scelere
719 945 873 1030 voluptas.

193 1081 196 1088 .
221 1031 345 1094 Desinit
366 1053 434 1096 esse
456 1033 595 1096 remedio
628 1032 726 1109 locus,
749 1032 803 1094 ubi
825 1053 896 1114 quae
919 1031 1043 1096 fuerunt
1066 1031 1139 1094 vitia

179 1133 282 1180 mores
297 1115 385 1179 fiunt.

568 1237 761 1292 MEMORIA.

221 1327 326 1391 Mater
354 1348 510 1390 musarum
541 1338 589 1389 est
609 1327 768 1403 memoria,
802 1337 835 1390 et
866 1327 986 1390 tantiam
1016 1347 1140 1403 sormus,

166 1412 329 1492 ,quantiam
355 1411 505 1472 memorii
526 1420 677 1472 tenemus.
722 1411 876 1472 Memoria
896 1410 1055 1486 minuitur,
1080 1411 1140 1472 nisi

179 1513 250 1554 eam
271 1513 439 1572 exerceas3
470 1493 593 1556 cunctis
621 1494 779 1556 memoriae
801 1494 977 1557 defectibus
998 1494 1142 1557 medetur

181 1575 342 1640 industria.

222 1661 258 1723 Si
272 1661 347 1742 quid
362 1661 515 1724 audiveris
537 1661 667 1744 cognitu
691 1660 831 1744 dignum,
847 1662 879 1725 id
893 1683 957 1725 non
973 1661 1070 1738 libris,
1085 1661 1141 1724 sed

179 1744 285 1810 animo
312 1744 495 1824 inscribit03
525 1745 584 1808 haic
606 1746 689 1808 enim
711 1745 932 1808 exercitatione
954 1745 1141 1808 confirmata

158 1827 338 1902 memoria,
360 1829 511 1908 quicquid
531 1829 607 1906 vult,
622 1839 718 1904 tenet,
742 1839 785 1908 et,
812 1830 895 1910 quod
917 1829 1048 1912 quisque
1071 1829 1140 1906 scit,

178 1908 276 1971 habet
290 1910 323 1970 in
337 1922 492 1991 promptu.
741 1929 744 1936 ’

221 1990 397 2053 Mithridati
425 1993 492 2074 regi
520 1992 610 2056 Ponti
639 2003 725 2056 tanta
747 1992 839 2057 suisse
861 1995 1012 2058 memoria
1034 1995 1140 2073 femur,

124 2123 128 2128 .
178 2081 214 2134 ut
227 2072 348 2134 duabus
362 2084 396 2136 et
408 2074 517 2157 viginti
541 2077 731 2154 nationibus,
746 2077 860 2160 quibus
885 2079 1072 2164 imperabat,
1086 2079 1141 2143 sui

180 2152 296 2236 cuique
311 2154 419 2240 lingui
429 2158 481 2241 jus
494 2159 600 2222 dicere
615 2161 739 2224 soleret.

564 2299 759 2355 PUERITIA.

221 2383 266 2450 Ut
280 2385 321 2458 ad
335 2385 449 2466 literas,
464 2387 508 2452 ita
522 2389 562 2452 ad
583 2389 729 2454 virtutem
753 2391 887 2474 pueritia
911 2392 1140 2476 promptissima

178 2478 239 2530 est.

220 2551 392 2616 Tenaciter
412 2552 533 2618 haerent
555 2555 610 2618 illa
633 2577 704 2636 quae
737 2557 865 2620 rudibus
887 2559 976 2622 annis
998 2561 1140 2644 percepi-

176 2649 265 2691 mus:
287 2634 416 2711 proinde
439 2637 558 2715 optima
578 2658 712 2718 quaeque
737 2639 769 2700 in
793 2641 900 2720 primis
924 2644 1029 2706 statim
1052 2644 1141 2708 annis

178 2711 370 2773 addiscenda
385 2725 465 2775 sunt.

178 2871 186 2885 ·
212 2791 317 2884 ‘Quod
332 2793 364 2853 in
379 2795 512 2874 pueritia
525 2796 700 2872 didicimus,
711 2797 836 2876 diutius,
848 2801 1026 2884 firmiusque
1040 2827 1140 2873 mem·

163 2891 271 2936 misse
287 2874 431 2940 solemus.

171 2986 184 3050 ··
218 2955 300 3020 Puer
321 2957 457 3039 quidam,
471 2960 525 3042 qui
553 2963 637 3045 apud
661 2961 824 3027 Platonem
844 2965 997 3030 educatus
1023 2968 1138 3050 fuerat,

175 3039 248 3100 mde
271 3039 311 3102 ad
333 3054 479 3122 parentes
503 3046 659 3124 reductus,
684 3048 756 3109 ciam
778 3048 900 3112 sublati
921 3072 1000 3114 voce
1023 3074 1138 3117 excan-

174 3119 358 3186 descantem
389 3126 588 3206 conspiceret
611 3140 740 3212 patrem,
765 3132 879 3196 dixisse
898 3133 1013 3200 fertur:
1044 3137 1139 3201 Nura-

174 3223 262 3286 quam
275 3204 336 3270 ltoec
349 3208 431 3292 opud
443 3207 600 3274 Platonem
615 3213 684 3274 atti.
746 3237 751 3244 ’

404 3355 628 3413 CONSILIUM.
678 3360 914 3418 PRUDEN'I'IA.

217 3437 294 3503 Sine
308 3443 394 3512 bono
405 3445 536 3508 consilio
549 3448 628 3512 nihil
643 3450 741 3514 efficit
755 3453 858 3516 robur.

186 3584 189 3592 ,
216 3516 400 3606 Priusquam
434 3528 576 3609 incipias,
599 3534 753 3614 consulto,
781 3547 824 3614 et,
852 3536 906 3601 ubi
929 3541 1133 3621 consulueris,

171 3603 292 3672 matura
309 3607 395 3674 facto
408 3631 486 3694 opus
500 3623 557 3674 est.
