2570 4180
640 355 689 430 66

184 545 306 614 (terunt,
320 513 489 620 regomque
503 529 562 598 sibi
584 529 769 600 creavemirt
789 535 1009 599 Jeroboamum
1023 555 1042 597 e
1054 534 1140 601 tribu
1208 510 1211 518 ¹

186 616 357 700 Ephraimi.
413 619 493 682 Duae
522 621 640 682 tantirm
662 621 760 682 tribus
791 619 823 681 in
859 618 921 681 fido
950 607 1140 694 manserunt,

184 701 309 766 scilicet
322 703 420 765 tribus
434 701 524 764 Judae
539 714 573 765 et
587 704 685 764 tribus
699 702 884 786 Benjamini.
951 730 961 745 =

228 784 282 846 Sic
304 785 368 846 duo
388 805 511 864 ex‚uno
538 806 636 868 regnu
664 785 747 848 facto
775 795 856 861 sunt,
885 784 1016 847 alterum
1037 783 1140 862 Judae,

184 864 316 930 alterum
332 865 464 930 Isradlis.
902 915 907 927 .

225 948 441 1027 Jeroboomm,
455 961 491 1013 ut
505 951 655 1034 populum
670 973 759 1016 tuum
781 973 800 1014 a
821 951 1048 1013 consuetudine
1062 971 1141 1012 eun-

182 1032 217 1094 di
241 1031 491 1116 Hierosolymam
515 1035 697 1112 abduceret,
712 1035 868 1117 propriam
889 1033 1071 1116 religionem
1094 1035 1140 1097 eis

183 1114 328 1196 instituit,
342 1127 376 1180 ot
390 1117 483 1180 salsos
496 1118 573 1181 deos
587 1117 748 1201 proposuit
761 1117 922 1180 colendos.

600 1256 604 1262 ’
625 1260 696 1318 135.

229 1372 302 1436 Non
323 1375 378 1436 diu
399 1374 485 1438 stetit
506 1395 637 1458 regnum
658 1375 874 1451 Isradliticurm
889 1374 963 1456 quia
976 1395 1084 1454 omnes
1098 1377 1138 1438 ad

182 1474 280 1519 unum
294 1477 386 1540 reges
399 1457 524 1521 fuerunt
537 1459 635 1540 impii.
1071 1505 1076 1512 .

226 1539 278 1603 Ad
302 1561 357 1604 eos
371 1541 458 1606 Deus
471 1563 555 1626 srepe
576 1542 662 1606 misit
682 1541 859 1625 prophetas,
880 1541 934 1623 qui
955 1561 1010 1604 eos
1031 1543 1103 1605 adm

182 1635 303 1704 nerent,
317 1635 351 1688 et
371 1626 413 1689 ad
431 1647 538 1689 verum
558 1625 679 1690 cultum
700 1635 902 1704 revocarent3
923 1625 979 1687 sed
999 1625 1045 1688 illi
1067 1647 1138 1708 pro-

183 1706 347 1788 phetarum
361 1709 486 1774 monitis
506 1731 568 1773 non
590 1720 768 1792 paruerunt,
783 1709 845 1771 imo
859 1729 914 1772 eos
928 1709 1136 1787 contumeliis,
1260 1754 1261 1770 r

183 1793 294 1872 poenis,
307 1803 417 1870 morte,
431 1792 613 1856 affecerunt.

225 1873 333 1942 Quare
355 1875 450 1937 iratur
470 1875 557 1938 Deus
577 1873 647 1938 illos
668 1875 700 1937 in
722 1883 909 1957 potestatem
928 1873 1062 1938 hostium
1076 1885 1137 1938 tra·

181 1951 280 2016 didit:
300 1954 415 2019 devicti
437 1967 510 2019 sunt
530 1978 550 2020 a
570 1977 603 2020 re
627 1979 645 2020 e
667 1957 872 2040 Assyriomm,
886 1959 939 2039 qui
957 1954 1069 2024 decem
1083 1959 1136 2023 tri·

182 2035 242 2098 bur
255 2037 395 2122 captivas
409 2037 495 2116 fecit,
509 2051 542 2104 et
556 2041 587 2104 in
602 1979 759 2126 insyriam
772 2041 957 2126 deportavit.
