2570 4180
572 323 574 328 ’
632 367 681 436 53

221 627 351 690 Hebraei
366 628 555 692 incedebant
576 648 632 710 per
654 639 792 692 arentem
815 628 947 706 alveum,
967 627 1071 692 donec
1093 628 1133 692 ri-

178 729 253 792 pam
266 711 441 792 oppositam
455 711 653 794 attingerent.
683 765 684 768 ,

221 794 305 856 Tum
319 815 448 857 reversae
463 805 535 857 sunt
549 815 638 875 aquae
654 795 685 858 in
700 795 803 858 locum
818 795 989 877 pristinum.

222 875 241 938 J
243 897 317 939 osue
332 878 404 939 verb
418 877 584 940 duodecim
599 877 718 960 lapides
732 899 750 942 e
764 879 868 942 medio
882 899 972 942 mnne
992 876 1132 942 sublatos

179 959 287 1035 erexit,
302 970 337 1022 ut
351 971 455 1024 essent
470 981 605 1042 perenne
620 961 664 1024 rei
678 972 921 1024 monumentum.

223 1042 309 1109 Dixit
336 1043 499 1106 Hebraeis:
527 1043 552 1104 si
577 1045 701 1124 quando
726 1065 780 1106 vos
801 1043 1056 1127 interrogaverint
1076 1041 1132 1106 filii

179 1125 271 1187 vestri
285 1146 431 1205 quorsum
446 1136 566 1208 spectet
590 1127 649 1188 ista
668 1126 805 1208 lapidum
819 1127 992 1208 congeries,
1006 1145 1133 1208 respon-

178 1207 313 1270 debitis:
334 1207 421 1270 sicco
435 1209 516 1290 pede
531 1209 706 1292 trajecimus
720 1209 888 1272 Jordancm
902 1210 1005 1272 istum.

220 1290 345 1353 Idcirco
369 1291 462 1372 positi
492 1302 563 1354 sunt
592 1291 712 1374 lapides
742 1293 782 1353 ad
812 1292 1030 1372 sempiternam
1057 1287 1132 1354 facti

177 1373 366 1450 memorium,
381 1383 416 1436 ut
429 1373 552 1437 discant
566 1386 683 1456 quanta
696 1375 736 1438 sit
750 1375 809 1438 Dei
825 1374 974 1456 potentia.

627 1487 679 1547 94.

191 1594 197 1600 '
222 1585 327 1662 Josue,
341 1587 472 1650 devictis
485 1588 628 1650 omnibus
641 1585 815 1652 Palaestinae
830 1589 963 1670 populis,
977 1585 1131 1648 Hebraeos

181 1668 214 1730 in
237 1669 311 1732 sede
335 1669 489 1732 destinati
521 1669 707 1733 collocavit:
737 1692 828 1753 agros
848 1682 881 1730 et
901 1667 1017 1748 oppida
1038 1676 1132 1749 capta

180 1750 309 1832 singulis
324 1752 464 1814 tribubus
478 1751 589 1828 divisit,
605 1763 637 1816 et
650 1763 787 1816 mortuus
801 1762 857 1813 est.
1166 1779 1168 1784 ·

222 1833 344 1897 Deinde
359 1855 477 1897 summa
498 1845 636 1916 potestas
658 1835 762 1898 delata
775 1843 823 1898 est
846 1833 886 1894 nd
912 1831 1037 1908 udices,
1051 1831 1131 1896 inter

179 1937 256 1998 quos
271 1917 427 1980 eminuere
443 1917 584 1994 Gedeon‚
600 1919 730 1981 Samson
745 1927 777 1979 et
791 1916 905 1978 Samue
921 1959 928 1974 .

222 1999 316 2062 Varia
338 2001 569 2096 deincepstfuit
594 2001 798 2063 Hebraeorum
819 1997 942 2060 fortuna
962 2017 1018 2078 pro
1039 1997 1130 2060 variis

88 2140 91 2144 .
179 2101 286 2146 eorum
300 2083 454 2146 moribus:
483 2105 514 2146 rr
526 2105 610 2164 saepe
631 2085 663 2143 in
677 2082 779 2143 Deum
793 2091 1023 2164 peccaverunt;
1041 2090 1129 2156 tunc,

178 2165 283 2228 divino
297 2166 442 2247 praesidio
455 2167 603 2241 destituti,
618 2165 658 2226 ab
672 2163 813 2226 hostibus
828 2163 1063 2246 superabantur.

221 2249 355 2318 Quoties
376 2250 417 2311 ad
448 2249 550 2311 Deum
581 2246 732 2321 conversi,
753 2246 821 2327 ejus
842 2245 989 2308 auxilium
1020 2244 1129 2326 implo-

178 2342 331 2409 raverunt,
345 2332 487 2414 placatus
501 2331 586 2390 Deus
599 2347 654 2390 eos
668 2327 820 2417 liberavit.
922 2403 926 2410 ,

220 2517 360 2593 Hebroei,
375 2537 393 2578 a
407 2512 585 2578 Madianitis
599 2512 709 2589 vexati,
725 2533 817 2594 opem
838 2513 941 2576 aDeo
954 2512 1131 2595 petierunt:

179 2601 266 2664 Deus
280 2601 400 2663 illorum
415 2615 524 2677 preces
540 2595 665 2657 audivit.

221 2682 366 2764 Angelus
382 2677 500 2741 adstitit
525 2677 689 2742 Gedeoni:
705 2679 861 2741 Dominus
883 2689 997 2756 tecum,
1020 2681 1129 2764 inquit,

177 2769 223 2830 vir
238 2762 410 2827 fortissime.

218 2846 393 2929 Respondit
407 2845 559 2909 Gedeon:
581 2845 606 2906 si
627 2845 713 2912 Deus
726 2845 891 2907 nobiscum
905 2855 962 2920 est,
982 2867 1039 2908 cur
1053 2847 1131 2908 duri

177 2931 343 3015 premimur
357 2927 524 2990 servitute?
589 2929 591 2933 ’
757 2944 759 2948 ·
883 2946 885 2951 ’

219 3013 274 3078 Ait
288 3011 436 3094 angelus:
457 3019 560 3072 macte
575 3009 678 3072 animo
687 3033 708 3092 3x
719 3007 865 3070 liberabis
880 3007 1029 3089 populum
1043 3018 1130 3072 tuum

176 3095 355 3159 aservitute
369 3093 620 3155 Madianitarum.
703 3141 706 3147 .

220 3176 358 3239 Nolcbat
381 3175 478 3256 primo
493 3175 626 3237 Gedeon
641 3185 761 3237 tantum
775 3193 853 3236 onus
873 3174 1053 3257 suscipere;
1074 3173 1130 3236 sed

176 3257 296 3340 duplici
310 3257 461 3320 miraculo
476 3257 674 3320 confirmatus
688 3278 751 3321 non
765 3257 885 3320 abnuit.
919 3282 922 3286 ·

218 3442 362 3519 Gedeon‚
375 3449 538 3504 contracto
559 3363 708 3518 exerditu,
729 3440 886 3522 profectus
909 3447 957 3499 est
981 3455 1054 3499 cum
1073 3437 1130 3500 du·

176 3527 256 3591 obus
283 3535 316 3588 et
343 3523 471 3608 triginta
497 3521 634 3586 millibus
656 3523 824 3596 hominum,
847 3531 882 3598 et
901 3529 1001 3584 castra
1021 3521 1131 3586 castris

177 3609 312 3676 hostium
326 3606 485 3750 mliii
579 3642 581 3646 ·
