2570 4180
636 357 684 425 46

223 535 348 606 Quibus
364 537 415 600 illc
432 536 528 598 antico
542 559 548 595 ε
564 537 715 610 accedite,
728 535 837 614 inquit,
850 534 888 594 ad
903 553 968 594 mc:
989 553 1051 614 ego
1065 553 1134 596 sum

180 615 333 702 Iosephus
349 619 440 681 srater
462 629 570 692 vester,
590 639 682 698 quem
707 617 887 679 vendidistis
911 616 1135 679 mercatoribus

180 703 327 766 euntibus
341 703 372 764 in
388 701 578 783 AEgyptum:
600 702 696 764 nolite
712 701 830 762 timere.

224 785 286 848 Dei
301 784 492 866 previdentia
517 783 548 845 id
573 783 761 860 factumest,
787 793 822 846 ut
843 803 904 865 ego
919 782 1010 844 saluti
1025 793 1132 846 vestrae

181 867 387 932 consulerem.

637 1000 687 1053 70.

223 1114 378 1198 losephus
410 1115 479 1178 brec
502 1115 625 1179 loeutus
647 1117 770 1178 fratrem
802 1125 890 1176 suum
921 1114 1134 1197 Benjaminum

183 1199 364 1282 complexus
378 1209 435 1275 est,
449 1220 582 1280 eumque
597 1199 740 1280 lacrymis
755 1199 937 1278 conspersit.

225 1283 347 1346 Deinde
373 1294 503 1344 caeteros
522 1302 644 1362 queque
670 1281 777 1343 fratres
799 1281 1024 1363 collacrymans
1044 1302 1134 1344 oseu-

181 1363 263 1430 latus
277 1374 334 1428 est.
363 1365 445 1426 Tum
460 1365 584 1426 demum
599 1364 642 1425 illi
657 1383 729 1425 cum
744 1385 783 1426 eo
798 1366 928 1427 fidenter
942 1365 1038 1428 locuti
1053 1375 1133 1426 sunt.

225 1446 349 1520 Quibus
369 1445 543 1528 Josephus:
562 1446 618 1523 ite,
641 1446 749 1527 inquit,
765 1457 928 1529 properate
952 1449 992 1510 ad
1017 1458 1135 1528 patrem

182 1549 297 1606 meum,
324 1527 416 1610 eique
448 1529 594 1592 nunciate
627 1529 724 1592 lilium
748 1551 838 1592 suum
859 1530 970 1607 vivere,
992 1541 1025 1593 et
1052 1531 1135 1612 apud

142 1622 149 1630 '
182 1611 376 1680 Pharaonem
411 1611 575 1695 plurimum
610 1635 700 1696 posse
712 1637 721 1693 ;
756 1614 940 1695 persuadete
969 1614 1014 1677 illi
1042 1625 1076 1678 ut
1103 1614 1135 1676 iu

184 1695 356 1783 AEgyptum
370 1717 443 1761 cum
457 1697 540 1762 anmi
555 1697 669 1761 seruilia
683 1697 877 1782 commigret.

639 1843 689 1897 71.

227 1956 323 2051 Fama
350 1959 390 2021 de
419 1959 552 2020 adventu
585 1959 711 2022 fratrum
732 1961 860 2044 tosephi
882 1963 922 2025 ad
944 1983 1034 2028 aures
1055 1965 1137 2048 regis

186 2049 336 2124 pervenit,
351 2040 403 2121 qui
425 2040 512 2104 dedit
532 2041 578 2104 eis
599 2063 728 2138 munera
749 2045 932 2126 perferenda
956 2047 997 2109 ad
1018 2058 1137 2130 patrem

185 2141 257 2188 euru
272 2122 496 2186 bismandatis.
647 2190 652 2204 ,

229 2205 389 2270 Addueite
403 2207 465 2269 huc
480 2217 600 2290 patrem
621 2220 754 2272 vestrum
767 2223 800 2275 et
813 2223 937 2278 omnem
951 2215 1019 2299 ejus
1041 2215 1138 2278 famil·

186 2289 269 2386 iam.
285 2310 346 2353 nee
372 2289 502 2354 multllm
523 2304 630 2356 curate
653 2295 879 2377 supellectilem
902 2296 1043 2377 vestram,
1066 2299 1138 2380 quia

83 2439 88 2447 ,
187 2393 300 2451 omnia,
339 2395 410 2456 quae
443 2397 521 2458 opus
546 2388 636 2442 erunt
664 2381 760 2459 vobiS,
789 2383 973 2464 praebiturus
1008 2404 1085 2460 sum,
1106 2392 1139 2446 et

187 2477 296 2521 omnes
309 2478 385 2541 opes
400 2459 528 2544 AEgypti
543 2473 652 2526 vestrae
667 2476 766 2528 eruut.

230 2541 318 2604 Misit
338 2563 462 2622 quoque
484 2565 590 2607 currus
612 2547 652 2610 ad
680 2547 853 2614 vehendum
873 2571 989 2630 senem,
1011 2559 1044 2614 et
1072 2569 1140 2632 par-

188 2623 285 2698 uulos,
299 2633 332 2686 et
345 2625 499 2687 mulieres.

647 2753 697 2806 72.

232 2863 355 2928 Fratres
378 2861 505 2943 Josephi
531 2862 711 2924 festinantes
733 2862 843 2940 reversi
868 2864 999 2924 suntad
1021 2872 1141 2944 patrem

65 3023 67 3030 ¹
190 2967 290 3024 suum,
304 2945 396 3028 eique
418 2945 643 3008 nunciaverunt
667 2943 836 3026 Josephum
854 2943 965 3022 vivere,
980 2957 1013 3010 et
1027 2944 1142 3030 prinei-

156 3041 161 3090 t
190 3051 264 3113 pem
277 3051 345 3094 esse
360 3030 454 3094 totius
470 3028 609 3112 AEgypti.

160 3109 166 3180 i
234 3112 285 3174 Ad
306 3131 399 3190 quem
427 3113 576 3174 nuncium
597 3111 744 3186 lacobus,
774 3111 861 3192 quasi
885 3132 904 3174 e
926 3113 1012 3194 gravi
1034 3133 1143 3175 somno

191 3193 345 3258 excitatus
358 3195 528 3276 obstupuit,
541 3216 602 3262 nee
619 3194 749 3276 primirm
771 3194 841 3257 liliis
863 3215 929 3258 rem
949 3196 1143 3258 narrantibus

193 3279 288 3344 fidem
301 3275 480 3340 adhibebat.

165 3355 168 3428 l
237 3362 301 3427 Sed
316 3370 479 3443 postquam
491 3360 569 3424 vidit
583 3361 720 3444 plaustra
741 3369 774 3423 et
794 3362 877 3424 dena
900 3363 959 3426 sibi
974 3383 993 3426 a
1006 3362 1145 3445 Josepbo

166 3444 167 3458 ἢ
193 3447 297 3521 missa.
311 3445 431 3528 recepit
444 3443 590 3521 animum,
604 3454 646 3520 et,
660 3443 735 3506 mihi
757 3445 830 3506 satis
851 3456 908 3522 est,
931 3447 1039 3526 inquit,
1054 3448 1079 3509 si
1101 3447 1145 3508 vi-

108 3581 112 3592 .
194 3527 239 3589 vit
253 3528 354 3622 adhue
368 3526 520 3612 Josepbus
533 3547 639 3592 meus:
654 3527 706 3591 ibo
721 3538 753 3591 et
767 3527 879 3591 videbe
893 3549 965 3592 eum
979 3541 1146 3611 antequam

190 3627 315 3674 moriar.
