2590 4194
156 341 215 404 110
474 355 594 401 saram
617 358 809 415 centonum.

171 503 256 653 lta.
280 507 430 593 squidem
444 510 522 585 mara
544 511 671 574 insumi
693 512 840 596 piscibus3
862 527 906 575 est
928 479 1000 576 mn
1023 513 1128 575 hamus

153 609 172 652 G
183 610 282 738 ozans.

230 697 258 736 a.
282 675 343 738 Sed
358 677 435 738 unde
450 678 565 759 parabis
580 657 699 742 escam?

194 757 254 823 La.
279 759 505 827 Lumbricorum
520 761 629 845 ubique
644 783 750 844 magna
766 776 810 824 est
824 764 919 846 copia.
942 755 944 762 ’

194 839 257 906 Βα.
282 842 348 918 Est,
361 845 386 904 si
401 845 452 906 tibi
465 845 555 906 velint
570 867 726 928 prorepere
742 868 759 908 e
775 848 862 908 terrd.

195 923 255 988 La.
279 926 320 988 At
334 948 390 1010 ego
404 949 476 989 mox
491 928 617 988 efficiam
631 943 664 990 ut
681 930 780 991 multae
802 931 950 1012 myriades
972 931 1128 1014 prosiliant.

162 1058 166 1068 .
194 1005 258 1071 Ba.
282 1009 356 1082 Quo
371 1013 477 1092 pacto?
500 1011 742 1074 incantamentis?

195 1090 255 1154 Le.
281 1091 404 1154 Videbis
420 1109 521 1155 artem.
566 1093 662 1175 Imple
688 1095 766 1156 hanc
790 1095 907 1157 situlam
930 1095 1017 1178 aqud.
1063 1096 1130 1158 Hos

161 1175 341 1258 ’uglandium
356 1198 484 1241 summos
500 1178 621 1238 cortices
636 1177 765 1240 virentes
786 1179 949 1240 confractos
972 1179 1127 1242 immittito.

153 1197 223 1322 ilac
251 1259 330 1343 aqud
357 1260 500 1344 perfunde
529 1261 632 1324 solum.
696 1260 786 1323 Nunc
814 1263 939 1324 observa
967 1263 1125 1344 paulisper.

154 1338 251 1404 Vides
266 1347 472 1426 emergentes?

196 1422 259 1487 Ba.
284 1426 364 1488 Rem
379 1428 571 1511 prodigiosam
586 1427 682 1490 video.
728 1427 778 1489 Sic
796 1427 877 1503 olim,
892 1427 1006 1508 opinor,
1022 1428 1127 1490 exilie-

152 1503 223 1570 bant
235 1510 336 1572 armati
347 1531 387 1572 ex
397 1511 464 1572 satis
475 1511 616 1594 serpentis
628 1511 771 1572 dentibus
816 1511 878 1572 Sed
889 1509 1020 1592 plerique
1032 1509 1128 1590 pisces

155 1591 326 1656 delicatioris
351 1607 382 1656 et
405 1594 586 1678 elegantioris
609 1607 677 1655 sunt
699 1594 789 1676 palati
812 1593 901 1678 qu'am
921 1605 955 1654 ut
977 1597 1048 1654 esca
1069 1606 1127 1654 tam

154 1675 203 1738 vul
225 1676 265 1740 ari
282 1678 441 1760 capiantur.
1092 1697 1095 1704 ·

230 1781 257 1822 o.
275 1759 352 1822 Novi
362 1762 508 1844 quoddam
517 1761 618 1823 insecti
624 1781 715 1843 genus
725 1783 784 1845 quo
792 1757 1031 1823 talibusinsidiari
1039 1759 1127 1820 soleo.

196 1840 259 1905 Ba.
283 1843 334 1904 Tu
359 1845 426 1905 vide
453 1867 490 1906 an
515 1844 608 1926 possis
633 1843 784 1926 imponere
811 1845 946 1928 piscibus,
972 1862 1029 1923 ego
1052 1841 1129 1903 ranis

155 1923 299 1988 facessam
314 1929 473 2008 negotium.

196 2005 257 2071 La.
282 2007 465 2080 Quomodo?
488 2011 563 2072 reti?

196 2090 259 2156 Ba.
283 2091 365 2170 Non,
380 2093 433 2154 sed
448 2115 527 2155 arcu.

197 2172 258 2240 La.
282 2175 405 2239 Novum
420 2177 551 2261 piscandi
566 2197 666 2260 genus.
831 2225 837 2236 .

198 2257 261 2323 Ba.
285 2259 329 2322 At
343 2283 402 2324 non
416 2261 617 2346 injucundum.
664 2257 789 2322 Videbis
803 2273 833 2321 et
848 2259 991 2322 fateberis.

203 2340 255 2407 Vi.
279 2343 364 2417 Quid
378 2346 402 2407 si
415 2366 469 2407 nos
484 2345 543 2406 duo
558 2345 700 2407 micemus
716 2344 828 2426 digitis?

199 2424 260 2491 Pa.
283 2428 425 2511 Ignavum
440 2442 485 2490 est
499 2450 533 2490 ac
548 2429 688 2490 rusticum
702 2427 783 2490 lusbs
808 2447 908 2509 genus.
954 2426 1005 2488 Ad
1029 2425 1128 2488 focum

155 2507 353 2578 desidentibus
368 2509 461 2594 magis
474 2512 611 2573 convenit
626 2511 713 2594 quam
729 2511 758 2571 in
771 2531 879 2592 campo
893 2511 1082 2571 versantibus.

205 2591 258 2654 Vi.
283 2591 368 2662 Quid
382 2594 406 2652 si
420 2608 566 2654 certemus
579 2595 725 2654 nucibus?

123 2681 133 2698 ³
196 2671 259 2734 Pa.
284 2672 386 2734 Nuces
399 2673 558 2734 admodum
573 2675 669 2756 pueris
683 2675 890 2754 relinquamus
905 2694 958 2733 nos
979 2673 1129 2755 grandius·

156 2753 216 2816 'cidi
231 2759 340 2816 sumus'.

205 2835 255 2900 Vt.
279 2835 322 2898 Et
335 2849 436 2898 tamen
450 2836 521 2898 nihil
536 2836 614 2898 aliud
629 2837 725 2898 adhuc
741 2833 829 2918 quam
844 2836 926 2917 pueri
941 2855 1050 2896 sumus.

199 2919 261 2984 Pa.
285 2919 348 2982 Sed
362 2920 466 3002 quibus
482 2919 620 2981 decomm
636 2933 681 2981 est
695 2919 795 2980 ludere
806 2917 940 2994 nucibus,
951 2917 1055 2978 iisdem
1065 2939 1139 2996 non,

157 3003 330 3068 indecorum
344 3017 389 3064 est
404 3005 536 3084 equitare
551 3001 746 3066 inoratndine
768 3000 869 3083 longai.

206 3085 240 3150 V
238 3085 259 3148 i.
283 3085 334 3146 Tu
359 3085 444 3168 igitur
458 3086 633 3168 prescribito
646 3084 727 3146 Iustis
742 3105 851 3167 genus;
874 3104 979 3165 sequar
998 3104 1128 3166 quocun·

157 3191 217 3254 que
232 3167 353 3232 vocaris.
1031 3237 1033 3242 ,

201 3251 262 3316 Ρα.
286 3251 328 3314 Et
341 3271 397 3334 ego
411 3249 524 3312 finums
538 3271 603 3312 sum
617 3251 750 3312 omnium
764 3251 900 3312 horarum
914 3249 1014 3312 homo·

573 3428 657 3481 col..
681 3429 732 3481 IV.

489 3541 628 3596 srnvrus,
650 3541 803 3583 soranus.

199 3602 332 3686 Sylvius.
356 3604 420 3667 Cur
434 3604 510 3667 adeb
523 3603 623 3682 curris,
638 3602 789 3664 loannes?

505 3705 520 3749 t
