2590 4194
456 359 575 412 aurern
598 357 791 412 concoquat.
1044 341 1102 402 131

142 507 185 570 vir
198 506 310 591 optim'e
335 507 373 568 de
395 506 544 590 republicb
561 508 682 570 meritus
702 507 871 570 esnaeismo
891 505 991 590 populi
1007 505 1107 591 jussus

141 604 185 652 est
199 605 313 653 vertere
328 591 429 652 solum.
473 591 669 674 Posteaquam
683 591 865 653 intellexerat
885 590 1027 672 populum
1047 611 1107 653 uon

140 674 200 736 alib
213 695 245 736 re
260 676 404 736 offensum
427 674 514 757 quim
531 674 602 757 justi
623 689 827 758 cognomeutO,
842 674 911 736 crim
926 673 1030 757 alioqui
1043 695 1107 736 rem

140 779 259 840 semper
273 771 409 840 expertus
428 771 505 820 esset
525 757 578 818 sibi
600 759 763 834 salutarem,
777 757 873 840 paruit
892 778 975 840 aequo
999 757 1104 818 animo.

140 839 176 902 ln
199 841 288 902 exilio
310 862 342 902 ro
362 855 424 902 atus
445 841 482 902 ab
506 840 617 916 amicis,
632 841 701 924 quid
724 853 890 924 precaretur
911 840 1106 924 ingratissimae

143 924 270 1002 civitati;
301 922 341 986 N
342 923 392 984 'il
419 923 512 1000 uliud,
538 924 639 1006 iuquit,
667 924 724 986 urbi
755 933 867 986 tantam
895 945 993 986 rerum
1017 945 1107 1008 pror·

137 1007 303 1090 petitorem,
319 1016 352 1068 ut
366 1005 427 1068 illis
440 1027 591 1102 numnam
604 1007 636 1068 in
651 1018 771 1069 mentem
784 1008 882 1070 veniat
895 1007 1054 1070 Aristides.

189 1089 241 1152 Cu.
267 1090 376 1152 Mirum
399 1091 424 1151 si
451 1090 619 1152 christianos
640 1113 698 1152 non
721 1090 813 1173 pudet
835 1090 890 1167 sui,
915 1090 952 1152 ad
975 1091 1107 1174 quamvis

140 1174 238 1234 levem
253 1173 385 1257 injuriam
407 1174 657 1234 excandescentes
678 1195 712 1235 ac
734 1173 890 1238 vindictam
912 1195 966 1256 per
989 1174 1031 1236 sas
1052 1195 1107 1236 ue·

141 1257 243 1339 sasque
254 1257 412 1318 molientes.
451 1255 529 1316 Tota
541 1255 666 1317 Socratis
678 1257 735 1318 vita
744 1257 813 1318 nihil
826 1257 902 1318 aliud
915 1257 985 1318 mihi
995 1257 1107 1319 videtur
1124 1253 1127 1262 ’

140 1339 228 1436 quim
243 1339 441 1422 temperantis
453 1360 488 1400 ac
499 1339 653 1402 tolerantie
666 1341 849 1422 exemplum.
895 1341 956 1402 Sed
968 1361 1005 1402 ue
1018 1339 1125 1426 plauti·

138 1444 192 1484 sun
208 1423 384 1506 asymbolus,
395 1444 485 1483 unurn
500 1421 623 1484 referam
639 1424 717 1507 quod
732 1423 802 1484 mihi
812 1443 871 1507 prae
882 1423 994 1486 caeteris
1005 1424 1103 1487 arrisit

139 1503 229 1568 Eunti
253 1504 369 1588 publici
387 1505 435 1566 vis
456 1506 605 1587 improbus
628 1506 767 1589 quispiam
782 1507 941 1590 colaphum
963 1507 1105 1603 impegit3

137 1587 208 1651 oiim
231 1590 261 1650 id
275 1588 379 1651 tacitus
398 1587 486 1650 ferret
507 1589 652 1664 Socrates,
667 1590 754 1650 amici
776 1591 894 1672 quidam
915 1591 1019 1652 hortatr
1039 1603 1106 1652 suut

141 1671 178 1734 ad
208 1673 357 1734 ultionem.
402 1672 446 1733 At
472 1670 531 1746 ille,
580 1671 633 1732 uid
655 1672 825 1754 percussori
841 1670 981 1769 sociam?
1004 1672 1104 1768 inquit.

146 1753 183 1817 V
178 1777 239 1831 ocu,
254 1755 394 1838 inquiunt,
409 1753 442 1815 itt
447 1775 509 1838 yut
588 1754 751 1817 idicclum!
773 1756 801 1817 iu
823 1769 880 1818 urt:
901 1754 984 1816 sime
1006 1775 1107 1816 msam

141 1837 265 1900 calcibus
280 1837 479 1921 percusisset,
493 1857 563 1898 aum
584 1836 666 1899 cobis
686 1847 754 1899 curt
795 1837 801 1851 '
874 1837 988 1900 minum
1008 1837 1041 1899 in
1052 1835 1107 1921 jue

142 1921 283 1982 trabum?
311 1921 471 2003 significans
500 1920 664 2002 improbum
694 1942 820 1982 scurram
849 1921 938 1982 nihilo
962 1921 1106 2003 potiorem

141 2004 230 2080 asino,
246 2019 276 2064 et
294 2003 381 2064 infimi
404 2003 491 2064 animi
513 2024 589 2079 esse,
611 2026 668 2066 uon
692 2025 778 2086 posse
800 2003 878 2066 serre
899 2005 1106 2068 contumeliam

141 2087 177 2147 ab
192 2087 306 2148 homine
322 2085 438 2148 vecordi
454 2107 539 2168 quam
556 2086 644 2149 ferret
658 2088 824 2170 ablauimali
839 2089 939 2150 bruto:

182 2167 237 2231 Di.
262 2169 406 2230 Paueiora
442 2183 509 2231 sunt
543 2170 572 2231 in
610 2169 753 2232 Romanis
786 2171 936 2233 annalibus
965 2173 1106 2255 exempla

140 2252 353 2327 moderationis,
368 2273 424 2313 nec
439 2273 475 2312 ee
498 2253 619 2334 perinde
645 2253 784 2334 insignia3
806 2276 901 2337 neque
913 2255 991 2316 enirn
1003 2256 1106 2350 opinor

140 2356 274 2418 magnam
289 2335 398 2396 habere
412 2335 530 2395 laudem
548 2336 713 2409 tolerantie,
728 2336 751 2396 si
772 2337 837 2418 quis
856 2351 956 2418 parcat
970 2338 1105 2413 devictis,

140 2432 171 2480 et
198 2418 323 2480 debellet
341 2418 499 2498 superbos.
572 2417 641 2478 Non
670 2417 789 2479 arbitror
824 2433 921 2480 tamen
956 2419 1106 2502 indignum

141 2514 313 2575 memoratu,
328 2500 407 2583 qubd
422 2499 500 2561 Ceto
513 2499 619 2576 senior,
634 2501 702 2561 ciem
721 2499 864 2563 Lentulus
878 2501 996 2584 quidam
1022 2503 1050 2574 in
1071 2523 1105 2564 os

142 2583 180 2644 illi
205 2605 218 2644 s
240 2597 321 2643 utum
345 2596 375 2644 et
395 2581 452 2643 oris
472 2583 662 2663 purulentiam
687 2583 842 2666 injecisset,
865 2584 934 2645 nihil
958 2585 1035 2646 aliud
1058 2606 1105 2648 re·

140 2605 288 2747 sponderit
301 2664 399 2748 quim,
414 2663 545 2726 Posthac
558 2663 651 2728 bcbco
666 2667 746 2748 quod
766 2666 827 2729 illis
842 2667 1034 2750 respondeum
1050 2667 1105 2751 qui

140 2756 253 2830 negant
274 2746 330 2808 tibi
355 2769 413 2808 esse
436 2769 477 2810 or.
523 2747 567 2809 Os
582 2764 679 2810 autem
691 2770 708 2810 a
721 2749 831 2814 Latinis
842 2751 951 2814 habere
963 2765 1105 2834 negantur

141 2852 213 2914 quos
227 2830 297 2892 nihil
310 2832 417 2911 pudet;
439 2831 537 2914 itaque
547 2831 632 2915 jocus
646 2853 685 2894 ex
700 2834 777 2894 ambi
796 2856 846 2896 uo.

179 2911 262 2974 AEm.
278 2913 350 2975 Aliis
364 2915 490 2976 arrident
503 2915 574 2976 alia:
597 2915 668 2976 mihi
683 2916 756 2976 inter
769 2857 910 2996 lliogenis
931 2917 1016 2991 dieta,
1031 2939 1106 2998 pra·

140 2997 218 3058 clara
243 2997 360 3079 quidem
385 2998 492 3072 omnia,
507 2997 576 3058 nihil
597 2994 688 3078 magis
710 2997 901 3072 adblanditur,
916 2997 1004 3090 quim
1027 3000 1105 3080 quod

140 3079 252 3158 roganti
267 3079 393 3152 cuidant,
409 3101 466 3160 quo
481 3093 567 3160 pacto
584 3078 713 3140 maxime
729 3079 818 3160 possit
833 3079 932 3141 ulcisci
947 3079 1105 3160 inimicum3

143 3159 180 3222 Si
194 3170 221 3221 te
235 3160 339 3243 ipsum,
353 3159 455 3242 inquit,
470 3161 557 3242 qudm
569 3160 691 3222 maximi
702 3161 827 3244 probum
841 3172 869 3224 ct
893 3161 1042 3224 honestum
1062 3163 1106 3225 vi·

141 3264 207 3305 rum
214 3242 400 3325 prestiteris.
443 3243 581 3304 Demiror
596 3243 659 3326 quis
674 3245 748 3306 deus
766 3245 819 3309 illis
828 3247 899 3308 tales
918 3245 1106 3328 cogitationes

142 3325 249 3387 miserit
264 3325 292 3384 in
313 3339 451 3386 mentem.
495 3325 617 3387 Videtur
639 3341 736 3390 autern
760 3343 790 3390 et
809 3330 972 3392 Aristotelis
995 3328 1106 3390 dietum

143 3408 229 3470 valde
242 3399 468 3469 consentaneum
491 3407 613 3470 Paulino
635 3410 781 3492 dogmati3
803 3413 851 3494 qui
872 3426 989 3494 rogatus
1003 3433 1020 3473 a
1035 3433 1107 3494 quo-

142 3492 221 3566 dam,
236 3489 310 3574 quid
317 3489 439 3572 fruetis
453 3511 508 3551 sua
521 3488 568 3552 illi
576 3490 768 3577 philosophia
782 3493 950 3557 attulissetl
978 3493 1019 3558 Ut
1033 3495 1105 3571 need,

143 3575 243 3658 inquit,
257 3583 358 3658 sponte
381 3596 417 3636 ca
424 3572 539 3656 faciam
560 3595 625 3658 qtae
641 3575 779 3661 ‚plerique
795 3576 892 3664 legum
914 3587 992 3642 metu
1012 3578 1107 3644 ward
