2570 4180
629 322 676 390 47

628 505 678 561 73.

214 601 361 676 Jacobus,
376 601 533 682 profectus
555 621 628 662 cum
651 601 721 662 filiis
743 609 775 662 et
789 601 966 682 nepotibus,
988 605 1128 684 pervenit

171 683 204 744 in
219 685 400 766 AEgyptum‚
415 694 448 747 et
462 684 610 766 praemisit
624 683 737 746 Judam
751 684 791 744 ad
805 683 986 765 Josephum,
1007 697 1042 749 ut
1055 707 1128 752 eunt

173 765 292 828 faceret
305 768 469 829 certiorem
483 767 523 829 de
535 767 669 830 adventu
683 787 748 829 suo.
940 823 942 826 .

215 849 387 912 Confestim
414 849 567 932 Josephus
589 851 739 932 processit
768 849 888 912 obviam
921 852 1010 932 patri,
1032 871 1126 933 quem

173 941 208 1075 up
221 931 307 1008 vidit,
321 933 354 995 in
376 933 492 996 collum
514 931 580 1014 ejus
605 932 721 1008 insiliit,
743 943 776 996 et
797 933 874 995 flens
896 934 1021 998 flentem
1042 955 1175 1033 com-,p

173 1035 284 1095 pexus
298 1025 355 1078 est.

217 1097 300 1160 Tum
320 1098 478 1162 Jacobus:
509 1099 583 1162 satis
614 1100 669 1161 diu
690 1099 761 1175 vixi,
783 1099 891 1179 inquit,
919 1121 1003 1164 nunc
1035 1120 1127 1184 aequo

173 1180 277 1242 animo
291 1182 411 1257 moriar,
426 1182 572 1262 quoniam
593 1192 766 1263 conspectu
787 1193 841 1245 tuo
866 1181 924 1244 frui
939 1183 1013 1246 mihi
1029 1183 1127 1259 licuit,

173 1274 205 1325 et
219 1273 251 1326 te
265 1263 339 1325 mihi
354 1263 550 1343 superstitem
565 1264 717 1345 relinquo.

627 1385 677 1440 74.

215 1479 368 1560 Josephus
392 1479 468 1542 adiit
492 1479 692 1555 Pharaonem,
713 1481 805 1562 eique
828 1480 987 1544 nunciavit
1008 1491 1128 1562 patrem

174 1583 263 1626 suum
277 1563 457 1626 advenisse:
478 1562 637 1624 constituit
661 1563 755 1624 etiam
780 1564 918 1643 quinque
941 1584 960 1626 e
985 1563 1128 1628 fratribus

175 1647 237 1708 suis
252 1665 357 1707 coram
372 1665 456 1726 rege.

217 1727 284 1796 Qui
299 1749 353 1790 eos
375 1726 583 1809 interrogavit,
598 1727 745 1806 quidnam
765 1727 867 1808 operis
889 1727 1061 1792 haberent:
1082 1727 1128 1793 illi

176 1811 400 1891 responderunt
414 1830 446 1871 se
461 1829 529 1871 esse
543 1819 692 1890 pastores.

217 1895 301 1956 Tum
314 1914 367 1955 rex
380 1892 457 1954 dixit
481 1891 639 1972 Josepho:
662 1892 816 1974 AEgyptus
841 1893 872 1955 in
897 1903 1052 1974 potestate
1074 1893 1128 1958 tut

175 1989 238 2054 est3
253 1997 328 2037 cura
342 1985 376 2038 ut
389 1985 478 2056 pater
491 1985 524 2038 et
538 1975 645 2038 fratres
656 1976 699 2038 tui
712 1977 744 2038 in
755 1976 873 2056 optimo
884 1976 956 2038 loco
966 1976 1128 2055 habitent3

175 2071 207 2123 et
221 2061 245 2122 si
261 2060 313 2140 qui
338 2059 398 2120 sint
420 2059 498 2122 inter
520 2079 574 2120 eos
596 2059 666 2120 navi
690 2069 723 2120 et
747 2058 898 2134 industrii,
913 2059 999 2122 trade
1013 2059 1059 2123 eis
1072 2079 1128 2124 ou·

175 2165 239 2206 ram
254 2163 402 2225 pecorum
416 2161 564 2204 meorum.

614 2264 665 2318 75.

217 2359 370 2441 Josephus
398 2358 525 2420 adduxit
549 2378 672 2438 quoque
694 2367 814 2438 patrem
838 2377 927 2420 suum
950 2360 990 2421 ad
1013 2357 1127 2422 Phara·

173 2464 277 2518 onem,
291 2441 355 2520 qui,
369 2440 519 2502 salutatus
541 2460 561 2501 a
581 2439 713 2514 Jacobo‚
729 2450 930 2520 percontatus
955 2450 1003 2502 est
1025 2439 1067 2501 ab
1088 2459 1128 2503 eo

121 2591 125 2599 ς
174 2525 237 2606 qud
251 2533 333 2585 esset
346 2523 461 2584 aetate?

217 2604 353 2668 Jacobus
368 2604 526 2684 respondit
547 2605 634 2687 regi:
655 2604 714 2680 vixi
737 2614 863 2666 centum
877 2615 909 2667 et
923 2605 1051 2688 triginta
1072 2625 1127 2670 an·

174 2711 240 2766 nos,
275 2708 335 2750 nec
363 2688 494 2768 adeptus
515 2708 583 2750 sum
620 2697 813 2754 senectutem
848 2687 972 2750 beatam
999 2707 1127 2754 avorum

174 2792 330 2834 meorum:
353 2781 418 2833 tum
433 2769 514 2832 bene
530 2779 675 2853 precatus
689 2770 755 2852 regi
770 2769 913 2832 discessit
927 2771 967 2832 ab
981 2791 1031 2833 eo.

216 2854 369 2935 Josephus
392 2863 495 2915 autem
515 2863 635 2936 patrem
650 2863 683 2915 et
697 2853 803 2914 fratres
818 2873 889 2913 suos
904 2849 1071 2919 collocavit
1093 2853 1126 2917 in

174 2937 291 3019 optimd
317 2946 404 3016 parte
434 2935 571 3017 AEgypti,
600 2936 707 3013 eisque
737 2933 875 2995 omnium
904 2953 1005 2996 rerum
1027 2935 1125 3000 abun·

173 3019 312 3082 dentiam
326 3017 544 3099 suppeditavit.

627 3136 678 3193 76.

219 3234 354 3297 Jacobus
384 3235 459 3296 vixit
488 3243 607 3316 septem
638 3243 671 3296 et
694 3233 807 3298 decem
840 3253 938 3297 annos
962 3244 1126 3316 postquam

177 3317 410 3399 commigrtsset
424 3317 456 3379 in
472 3315 651 3398 AEgyptum.

200 3483 205 3495 ⁸
220 3399 282 3494 Ubi
298 3399 393 3462 sensit
406 3409 536 3460 mortem
557 3399 615 3460 sibi
634 3399 802 3474 imminere,
817 3397 965 3460 arcessito
979 3393 1125 3478 Josepho,

176 3484 254 3628 dudi
266 3527 318 3628 ine
330 3585 424 3639 arnae,
436 3565 506 3645 jura
520 3575 550 3627 te
565 3565 597 3626 id
611 3565 762 3628 facturum
784 3581 851 3624 esse
874 3560 958 3624 ouod
978 3581 998 3624 a
1018 3569 1050 3628 te
1071 3580 1127 3643 pe,-
