<?xml version="1.0" encoding="UTF-8"?>
<!DOCTYPE html PUBLIC "-//W3C//DTD XHTML 1.0 Transitional//EN"
    "http://www.w3.org/TR/xhtml1/DTD/xhtml1-transitional.dtd">
<html xmlns="http://www.w3.org/1999/xhtml" xml:lang="en" lang="en">
 <head>
  <title>
</title>
<meta http-equiv="Content-Type" content="text/html;charset=utf-8" />
  <meta name='ocr-system' content='tesseract 3.04.00' />
  <meta name='ocr-capabilities' content='ocr_page ocr_carea ocr_par ocr_line ocrx_word'/>
</head>
<body>
  <div class='ocr_page' id='page_1' title='image "./liberprimus00danagoog_0150.png"; bbox 0 0 2590 4194; ppageno 0'>
   <div class='ocr_carea' id='block_1_1' title="bbox 439 313 1090 415">
    <p class='ocr_par' dir='ltr' id='par_1_1' title="bbox 439 313 1090 415">
     <span class='ocr_line' id='line_1_1' title="bbox 439 313 1090 415; baseline -0.015 -10"><span class='ocrx_word' id='word_1_1' title='bbox 439 361 558 406; x_wconf 68' lang='lat' dir='ltr'>natatu</span> <span class='ocrx_word' id='word_1_2' title='bbox 579 313 782 415; x_wconf 43' lang='lat' dir='ltr'>connoqurts</span> <span class='ocrx_word' id='word_1_3' title='bbox 1028 335 1090 397; x_wconf 79' lang='lat' dir='ltr'>tta</span> 
     </span>
    </p>
   </div>
   <div class='ocr_carea' id='block_1_2' title="bbox 66 511 1179 3764">
    <p class='ocr_par' dir='ltr' id='par_1_2' title="bbox 167 511 571 595">
     <span class='ocr_line' id='line_1_2' title="bbox 167 511 571 595; baseline -0.01 -18"><span class='ocrx_word' id='word_1_4' title='bbox 167 513 228 577; x_wconf 85' lang='lat' dir='ltr'>Pu.</span> <span class='ocrx_word' id='word_1_5' title='bbox 252 513 340 595; x_wconf 86' lang='lat' dir='ltr'>Saepe</span> <span class='ocrx_word' id='word_1_6' title='bbox 354 511 437 576; x_wconf 89' lang='lat' dir='ltr'>nobis</span> <span class='ocrx_word' id='word_1_7' title='bbox 451 511 571 576; x_wconf 77' lang='lat' dir='ltr'>feliciis.</span> 
     </span>
    </p>

    <p class='ocr_par' dir='ltr' id='par_1_3' title="bbox 168 595 732 679">
     <span class='ocr_line' id='line_1_3' title="bbox 168 595 732 679; baseline 0 -21"><span class='ocrx_word' id='word_1_8' title='bbox 168 595 230 658; x_wconf 84' lang='lat' dir='ltr'>Eu.</span> <span class='ocrx_word' id='word_1_9' title='bbox 255 595 346 668; x_wconf 87' lang='lat' dir='ltr'>Quod</span> <span class='ocrx_word' id='word_1_10' title='bbox 361 617 452 679; x_wconf 89' lang='lat' dir='ltr'>genus</span> <span class='ocrx_word' id='word_1_11' title='bbox 467 618 505 658; x_wconf 82' lang='lat' dir='ltr'>ex</span> <span class='ocrx_word' id='word_1_12' title='bbox 520 597 564 658; x_wconf 92' lang='lat' dir='ltr'>his</span> <span class='ocrx_word' id='word_1_13' title='bbox 579 596 732 679; x_wconf 77' lang='lat' dir='ltr'><strong>delegisti?</strong></span> 
     </span>
    </p>

    <p class='ocr_par' dir='ltr' id='par_1_4' title="bbox 168 679 732 763">
     <span class='ocr_line' id='line_1_4' title="bbox 168 679 732 763; baseline -0.004 -19"><span class='ocrx_word' id='word_1_14' title='bbox 168 679 230 744; x_wconf 88' lang='lat' dir='ltr'>Pu.</span> <span class='ocrx_word' id='word_1_15' title='bbox 254 680 367 742; x_wconf 87' lang='lat' dir='ltr'><strong>Omnes</strong></span> <span class='ocrx_word' id='word_1_16' title='bbox 382 679 488 742; x_wconf 83' lang='lat' dir='ltr'>formas</span> <span class='ocrx_word' id='word_1_17' title='bbox 502 693 645 763; x_wconf 85' lang='lat' dir='ltr'>expertus</span> <span class='ocrx_word' id='word_1_18' title='bbox 659 701 732 742; x_wconf 89' lang='lat' dir='ltr'>sum.</span> 
     </span>
    </p>

    <p class='ocr_par' dir='ltr' id='par_1_5' title="bbox 173 763 489 846">
     <span class='ocr_line' id='line_1_5' title="bbox 173 763 489 846; baseline 0.003 -22"><span class='ocrx_word' id='word_1_19' title='bbox 173 763 231 825; x_wconf 83' lang='lat' dir='ltr'>Eu.</span> <span class='ocrx_word' id='word_1_20' title='bbox 255 763 345 825; x_wconf 90' lang='lat' dir='ltr'>Nulla</span> <span class='ocrx_word' id='word_1_21' title='bbox 359 765 489 846; x_wconf 84' lang='lat' dir='ltr'>placuit?</span> 
     </span>
    </p>

    <p class='ocr_par' dir='ltr' id='par_1_6' title="bbox 66 847 1179 1744">
     <span class='ocr_line' id='line_1_6' title="bbox 168 847 1179 930; baseline 0.001 -22"><span class='ocrx_word' id='word_1_22' title='bbox 168 847 228 908; x_wconf 87' lang='lat' dir='ltr'>Po.</span> <span class='ocrx_word' id='word_1_23' title='bbox 252 847 327 922; x_wconf 75' lang='lat' dir='ltr'>imit,</span> <span class='ocrx_word' id='word_1_24' title='bbox 347 847 568 930; x_wconf 87' lang='lat' dir='ltr'>perplaouerant</span> <span class='ocrx_word' id='word_1_25' title='bbox 589 869 690 910; x_wconf 90' lang='lat' dir='ltr'>omnes</span> <span class='ocrx_word' id='word_1_26' title='bbox 705 848 728 908; x_wconf 95' lang='lat' dir='ltr'>si</span> <span class='ocrx_word' id='word_1_27' title='bbox 747 847 873 910; x_wconf 86' lang='lat' dir='ltr'><strong>licuisset</strong></span> <span class='ocrx_word' id='word_1_28' title='bbox 895 847 987 910; x_wconf 87' lang='lat' dir='ltr'>statim</span> <span class='ocrx_word' id='word_1_29' title='bbox 1002 869 1092 930; x_wconf 86' lang='lat' dir='ltr'>nego·</span> <span class='ocrx_word' id='word_1_30' title='bbox 1177 879 1179 883; x_wconf 94' lang='lat'>·</span> 
     </span>
     <span class='ocr_line' id='line_1_7' title="bbox 127 930 1092 1014; baseline -0.001 -21"><span class='ocrx_word' id='word_1_31' title='bbox 127 930 197 994; x_wconf 89' lang='lat' dir='ltr'>tiari.</span> <span class='ocrx_word' id='word_1_32' title='bbox 243 931 354 993; x_wconf 83' lang='lat' dir='ltr'>Verirm</span> <span class='ocrx_word' id='word_1_33' title='bbox 372 932 601 1014; x_wconf 76' lang='lat' dir='ltr'>&#39;perpendebam</span> <span class='ocrx_word' id='word_1_34' title='bbox 615 931 686 994; x_wconf 91' lang='lat' dir='ltr'>mihi</span> <span class='ocrx_word' id='word_1_35' title='bbox 701 932 749 992; x_wconf 90' lang='lat' dir='ltr'>diu</span> <span class='ocrx_word' id='word_1_36' title='bbox 761 932 924 993; x_wconf 90' lang='lat' dir='ltr'>sudandum</span> <span class='ocrx_word' id='word_1_37' title='bbox 939 931 968 992; x_wconf 91' lang='lat' dir='ltr'>in</span> <span class='ocrx_word' id='word_1_38' title='bbox 990 931 1092 1006; x_wconf 86' lang='lat' dir='ltr'>choro,</span> 
     </span>
     <span class='ocr_line' id='line_1_8' title="bbox 127 1014 1092 1098; baseline -0.001 -22"><span class='ocrx_word' id='word_1_39' title='bbox 127 1015 293 1098; x_wconf 85' lang='lat' dir='ltr'><strong>priusquam</strong></span> <span class='ocrx_word' id='word_1_40' title='bbox 316 1015 484 1077; x_wconf 84' lang='lat' dir='ltr'><strong>crederetur</strong></span> <span class='ocrx_word' id='word_1_41' title='bbox 506 1015 574 1076; x_wconf 89' lang='lat' dir='ltr'>milri</span> <span class='ocrx_word' id='word_1_42' title='bbox 598 1014 761 1098; x_wconf 80' lang='lat' dir='ltr'>negotiatio.</span> <span class='ocrx_word' id='word_1_43' title='bbox 816 1014 943 1098; x_wconf 85' lang='lat' dir='ltr'>Jamque</span> <span class='ocrx_word' id='word_1_44' title='bbox 966 1015 1092 1098; x_wconf 87' lang='lat' dir='ltr'>cogitare</span> 
     </span>
     <span class='ocr_line' id='line_1_9' title="bbox 127 1097 1095 1181; baseline 0.001 -22"><span class='ocrx_word' id='word_1_45' title='bbox 127 1098 204 1180; x_wconf 91' lang='lat' dir='ltr'>coepi</span> <span class='ocrx_word' id='word_1_46' title='bbox 238 1100 275 1160; x_wconf 91' lang='lat' dir='ltr'>de</span> <span class='ocrx_word' id='word_1_47' title='bbox 297 1097 433 1160; x_wconf 73' lang='lat' dir='ltr'>venandis</span> <span class='ocrx_word' id='word_1_48' title='bbox 456 1098 579 1160; x_wconf 74' lang='lat' dir='ltr'>abbatia.</span> <span class='ocrx_word' id='word_1_49' title='bbox 644 1099 705 1160; x_wconf 88' lang='lat' dir='ltr'>Sed</span> <span class='ocrx_word' id='word_1_50' title='bbox 731 1098 857 1181; x_wconf 84' lang='lat' dir='ltr'>primitm</span> <span class='ocrx_word' id='word_1_51' title='bbox 879 1120 938 1159; x_wconf 92' lang='lat' dir='ltr'>uon</span> <span class='ocrx_word' id='word_1_52' title='bbox 959 1099 1095 1160; x_wconf 85' lang='lat' dir='ltr'>omnibus</span> 
     </span>
     <span class='ocr_line' id='line_1_10' title="bbox 126 1181 1095 1265; baseline -0.002 -21"><span class='ocrx_word' id='word_1_53' title='bbox 126 1181 175 1244; x_wconf 86' lang='lat' dir='ltr'>hic</span> <span class='ocrx_word' id='word_1_54' title='bbox 197 1181 275 1242; x_wconf 85' lang='lat' dir='ltr'>luvet</span> <span class='ocrx_word' id='word_1_55' title='bbox 299 1182 397 1257; x_wconf 90' lang='lat' dir='ltr'>Delia,</span> <span class='ocrx_word' id='word_1_56' title='bbox 419 1197 449 1243; x_wconf 91' lang='lat' dir='ltr'>et</span> <span class='ocrx_word' id='word_1_57' title='bbox 470 1203 547 1264; x_wconf 81' lang='lat' dir='ltr'>sepe</span> <span class='ocrx_word' id='word_1_58' title='bbox 569 1183 654 1265; x_wconf 90' lang='lat' dir='ltr'>longa</span> <span class='ocrx_word' id='word_1_59' title='bbox 673 1195 717 1243; x_wconf 91' lang='lat' dir='ltr'>est</span> <span class='ocrx_word' id='word_1_60' title='bbox 737 1182 861 1243; x_wconf 88' lang='lat' dir='ltr'>venatio.</span> <span class='ocrx_word' id='word_1_61' title='bbox 905 1181 1008 1263; x_wconf 85' lang='lat' dir='ltr'>ltaque</span> <span class='ocrx_word' id='word_1_62' title='bbox 1024 1202 1095 1242; x_wconf 87' lang='lat' dir='ltr'>con·</span> 
     </span>
     <span class='ocr_line' id='line_1_11' title="bbox 125 1263 1125 1347; baseline -0.003 -20"><span class='ocrx_word' id='word_1_63' title='bbox 125 1265 247 1347; x_wconf 86' lang='lat' dir='ltr'>sumptis</span> <span class='ocrx_word' id='word_1_64' title='bbox 275 1266 355 1326; x_wconf 91' lang='lat' dir='ltr'>buno</span> <span class='ocrx_word' id='word_1_65' title='bbox 376 1264 405 1326; x_wconf 92' lang='lat' dir='ltr'>in</span> <span class='ocrx_word' id='word_1_66' title='bbox 427 1266 548 1326; x_wconf 92' lang='lat' dir='ltr'>modum</span> <span class='ocrx_word' id='word_1_67' title='bbox 572 1267 653 1327; x_wconf 89' lang='lat' dir='ltr'>annis</span> <span class='ocrx_word' id='word_1_68' title='bbox 677 1279 755 1340; x_wconf 89' lang='lat' dir='ltr'>octo,</span> <span class='ocrx_word' id='word_1_69' title='bbox 781 1265 850 1327; x_wconf 82' lang='lat' dir='ltr'>oum</span> <span class='ocrx_word' id='word_1_70' title='bbox 866 1278 944 1326; x_wconf 90' lang='lat' dir='ltr'>esset</span> <span class='ocrx_word' id='word_1_71' title='bbox 965 1263 1095 1325; x_wconf 88' lang='lat' dir='ltr'>nuntiata</span> <span class='ocrx_word' id='word_1_72' title='bbox 1120 1329 1125 1334; x_wconf 63' lang='grc'>,</span> 
     </span>
     <span class='ocr_line' id='line_1_12' title="bbox 125 1348 1095 1430; baseline -0.001 -20"><span class='ocrx_word' id='word_1_73' title='bbox 125 1370 202 1410; x_wconf 91' lang='lat' dir='ltr'>mors</span> <span class='ocrx_word' id='word_1_74' title='bbox 224 1349 322 1430; x_wconf 86' lang='lat' dir='ltr'>patris,</span> <span class='ocrx_word' id='word_1_75' title='bbox 345 1349 465 1410; x_wconf 92' lang='lat' dir='ltr'>domum</span> <span class='ocrx_word' id='word_1_76' title='bbox 481 1369 623 1426; x_wconf 90' lang='lat' dir='ltr'>reversus,</span> <span class='ocrx_word' id='word_1_77' title='bbox 639 1371 678 1410; x_wconf 84' lang='lat' dir='ltr'>ex</span> <span class='ocrx_word' id='word_1_78' title='bbox 693 1349 814 1410; x_wconf 87' lang='lat' dir='ltr'>consilio</span> <span class='ocrx_word' id='word_1_79' title='bbox 825 1348 922 1410; x_wconf 87' lang='lat' dir='ltr'>matris</span> <span class='ocrx_word' id='word_1_80' title='bbox 933 1348 1005 1410; x_wconf 84' lang='lat' dir='ltr'>duxi</span> <span class='ocrx_word' id='word_1_81' title='bbox 1019 1369 1095 1410; x_wconf 83' lang='lat' dir='ltr'>uxo-</span> 
     </span>
     <span class='ocr_line' id='line_1_13' title="bbox 124 1433 778 1514; baseline 0 -20"><span class='ocrx_word' id='word_1_82' title='bbox 124 1453 198 1507; x_wconf 92' lang='lat' dir='ltr'>rem,</span> <span class='ocrx_word' id='word_1_83' title='bbox 214 1445 244 1493; x_wconf 89' lang='lat' dir='ltr'>et</span> <span class='ocrx_word' id='word_1_84' title='bbox 258 1433 295 1492; x_wconf 93' lang='lat' dir='ltr'>ad</span> <span class='ocrx_word' id='word_1_85' title='bbox 312 1445 442 1493; x_wconf 86' lang='lat' dir='ltr'>veterem</span> <span class='ocrx_word' id='word_1_86' title='bbox 457 1433 683 1514; x_wconf 83' lang='lat' dir='ltr'>negotiationem</span> <span class='ocrx_word' id='word_1_87' title='bbox 697 1433 778 1494; x_wconf 88' lang='lat' dir='ltr'>redii.</span> 
     </span>
     <span class='ocr_line' id='line_1_14' title="bbox 66 1515 1094 1592; baseline 0.001 -16"><span class='ocrx_word' id='word_1_88' title='bbox 66 1547 67 1550; x_wconf 36' lang='lat'>¹</span> <span class='ocrx_word' id='word_1_89' title='bbox 172 1515 223 1578; x_wconf 78' lang='lat' dir='ltr'>Gt.</span> <span class='ocrx_word' id='word_1_90' title='bbox 247 1515 306 1577; x_wconf 91' lang='lat' dir='ltr'>Dio</span> <span class='ocrx_word' id='word_1_91' title='bbox 321 1515 403 1591; x_wconf 90' lang='lat' dir='ltr'>mihi,</span> <span class='ocrx_word' id='word_1_92' title='bbox 417 1515 486 1578; x_wconf 76' lang='lat' dir='ltr'>eiam</span> <span class='ocrx_word' id='word_1_93' title='bbox 497 1531 556 1576; x_wconf 88' lang='lat' dir='ltr'>tam</span> <span class='ocrx_word' id='word_1_94' title='bbox 567 1515 689 1576; x_wconf 88' lang='lat' dir='ltr'>subinde</span> <span class='ocrx_word' id='word_1_95' title='bbox 701 1537 809 1577; x_wconf 90' lang='lat' dir='ltr'>novam</span> <span class='ocrx_word' id='word_1_96' title='bbox 823 1531 935 1578; x_wconf 86' lang='lat' dir='ltr'>vestem</span> <span class='ocrx_word' id='word_1_97' title='bbox 952 1536 1094 1592; x_wconf 88' lang='lat' dir='ltr'>sumeres,</span> 
     </span>
     <span class='ocr_line' id='line_1_15' title="bbox 126 1597 1097 1682; baseline 0 -22"><span class='ocrx_word' id='word_1_98' title='bbox 126 1620 162 1660; x_wconf 88' lang='lat' dir='ltr'>ao</span> <span class='ocrx_word' id='word_1_99' title='bbox 179 1599 258 1660; x_wconf 86' lang='lat' dir='ltr'>velut</span> <span class='ocrx_word' id='word_1_100' title='bbox 272 1598 301 1659; x_wconf 92' lang='lat' dir='ltr'>in</span> <span class='ocrx_word' id='word_1_101' title='bbox 312 1599 390 1659; x_wconf 90' lang='lat' dir='ltr'>aliud</span> <span class='ocrx_word' id='word_1_102' title='bbox 406 1599 511 1660; x_wconf 84' lang='lat' dir='ltr'>animal</span> <span class='ocrx_word' id='word_1_103' title='bbox 522 1597 771 1674; x_wconf 78' lang='lat' dir='ltr'>transformaretis,</span> <span class='ocrx_word' id='word_1_104' title='bbox 786 1598 837 1681; x_wconf 83' lang='lat' dir='ltr'>qul</span> <span class='ocrx_word' id='word_1_105' title='bbox 851 1599 964 1682; x_wconf 87' lang='lat' dir='ltr'>potuisti</span> <span class='ocrx_word' id='word_1_106' title='bbox 979 1619 1097 1660; x_wconf 87' lang='lat' dir='ltr'>servare</span> 
     </span>
     <span class='ocr_line' id='line_1_16' title="bbox 127 1683 675 1744; baseline -0.004 0"><span class='ocrx_word' id='word_1_107' title='bbox 127 1683 292 1744; x_wconf 81' lang='lat' dir='ltr'>decorum?</span> <span class='ocrx_word' id='word_1_108' title='bbox 671 1727 675 1732; x_wconf 75' lang='grc'><em>.</em></span> 
     </span>
    </p>

    <p class='ocr_par' dir='ltr' id='par_1_7' title="bbox 127 1763 1097 1934">
     <span class='ocr_line' id='line_1_17' title="bbox 168 1763 1097 1850; baseline -0.002 -22"><span class='ocrx_word' id='word_1_109' title='bbox 168 1765 229 1828; x_wconf 84' lang='grc' dir='ltr'>Ρα.</span> <span class='ocrx_word' id='word_1_110' title='bbox 255 1763 320 1838; x_wconf 85' lang='lat' dir='ltr'>Qui</span> <span class='ocrx_word' id='word_1_111' title='bbox 342 1763 436 1827; x_wconf 80' lang='lat' dir='ltr'>mimis</span> <span class='ocrx_word' id='word_1_112' title='bbox 451 1767 540 1848; x_wconf 73' lang='lat' dir='ltr'>quim</span> <span class='ocrx_word' id='word_1_113' title='bbox 554 1766 584 1828; x_wconf 90' lang='lat' dir='ltr'>hi</span> <span class='ocrx_word' id='word_1_114' title='bbox 599 1767 649 1850; x_wconf 91' lang='lat' dir='ltr'>qui</span> <span class='ocrx_word' id='word_1_115' title='bbox 669 1766 699 1828; x_wconf 90' lang='lat' dir='ltr'>in</span> <span class='ocrx_word' id='word_1_116' title='bbox 723 1764 830 1828; x_wconf 74' lang='lat' dir='ltr'>eddam</span> <span class='ocrx_word' id='word_1_117' title='bbox 845 1764 944 1831; x_wconf 67' lang='lat' dir='ltr'>sabuli</span> <span class='ocrx_word' id='word_1_118' title='bbox 963 1786 1097 1827; x_wconf 89' lang='lat' dir='ltr'>nonnun-</span> 
     </span>
     <span class='ocr_line' id='line_1_18' title="bbox 127 1849 831 1934; baseline 0 -22"><span class='ocrx_word' id='word_1_119' title='bbox 127 1871 216 1934; x_wconf 91' lang='lat' dir='ltr'>quam</span> <span class='ocrx_word' id='word_1_120' title='bbox 230 1849 317 1911; x_wconf 84' lang='lat' dir='ltr'>aliam</span> <span class='ocrx_word' id='word_1_121' title='bbox 332 1864 419 1932; x_wconf 86' lang='lat' dir='ltr'>atque</span> <span class='ocrx_word' id='word_1_122' title='bbox 434 1851 519 1912; x_wconf 87' lang='lat' dir='ltr'>aliam</span> <span class='ocrx_word' id='word_1_123' title='bbox 530 1865 649 1912; x_wconf 89' lang='lat' dir='ltr'>sumunt</span> <span class='ocrx_word' id='word_1_124' title='bbox 664 1871 831 1932; x_wconf 85' lang='lat' dir='ltr'>personam.</span> 
     </span>
    </p>

    <p class='ocr_par' dir='ltr' id='par_1_8' title="bbox 127 1931 1096 2102">
     <span class='ocr_line' id='line_1_19' title="bbox 169 1931 1096 2018; baseline 0.002 -24"><span class='ocrx_word' id='word_1_125' title='bbox 169 1932 231 1995; x_wconf 80' lang='lat' dir='ltr'>Eu.</span> <span class='ocrx_word' id='word_1_126' title='bbox 255 1931 315 1994; x_wconf 90' lang='lat' dir='ltr'>Dio</span> <span class='ocrx_word' id='word_1_127' title='bbox 329 1933 413 2004; x_wconf 87' lang='lat' dir='ltr'>nobis</span> <span class='ocrx_word' id='word_1_128' title='bbox 428 1933 506 1995; x_wconf 78' lang='lat' dir='ltr'>bont</span> <span class='ocrx_word' id='word_1_129' title='bbox 520 1935 588 2010; x_wconf 87' lang='lat' dir='ltr'>fide,</span> <span class='ocrx_word' id='word_1_130' title='bbox 600 1934 778 2018; x_wconf 81' lang='lat' dir='ltr'>quinalium</span> <span class='ocrx_word' id='word_1_131' title='bbox 793 1934 857 1996; x_wconf 80' lang='lat' dir='ltr'>vite</span> <span class='ocrx_word' id='word_1_132' title='bbox 866 1955 958 2017; x_wconf 91' lang='lat' dir='ltr'>genus</span> <span class='ocrx_word' id='word_1_133' title='bbox 972 1955 1030 1996; x_wconf 86' lang='lat' dir='ltr'>nun</span> <span class='ocrx_word' id='word_1_134' title='bbox 1042 1955 1096 1996; x_wconf 85' lang='lat' dir='ltr'>ex-</span> 
     </span>
     <span class='ocr_line' id='line_1_20' title="bbox 127 2015 816 2102; baseline 0.001 -23"><span class='ocrx_word' id='word_1_135' title='bbox 127 2031 225 2100; x_wconf 87' lang='lat' dir='ltr'>pertus</span> <span class='ocrx_word' id='word_1_136' title='bbox 240 2037 283 2092; x_wconf 88' lang='lat' dir='ltr'>es,</span> <span class='ocrx_word' id='word_1_137' title='bbox 301 2017 378 2100; x_wconf 92' lang='lat' dir='ltr'>quod</span> <span class='ocrx_word' id='word_1_138' title='bbox 393 2017 526 2079; x_wconf 89' lang='lat' dir='ltr'>omnium</span> <span class='ocrx_word' id='word_1_139' title='bbox 541 2015 673 2080; x_wconf 73' lang='lat' dir='ltr'>maxime</span> <span class='ocrx_word' id='word_1_140' title='bbox 688 2018 816 2102; x_wconf 79' lang='lat' dir='ltr'>probas?</span> 
     </span>
    </p>

    <p class='ocr_par' dir='ltr' id='par_1_9' title="bbox 125 2099 1097 2328">
     <span class='ocr_line' id='line_1_21' title="bbox 168 2099 1097 2186; baseline 0.003 -23"><span class='ocrx_word' id='word_1_141' title='bbox 168 2101 228 2164; x_wconf 85' lang='lat' dir='ltr'>Po.</span> <span class='ocrx_word' id='word_1_142' title='bbox 252 2099 322 2162; x_wconf 95' lang='lat' dir='ltr'>Non</span> <span class='ocrx_word' id='word_1_143' title='bbox 336 2100 472 2162; x_wconf 90' lang='lat' dir='ltr'>omnibus</span> <span class='ocrx_word' id='word_1_144' title='bbox 483 2101 581 2163; x_wconf 91' lang='lat' dir='ltr'>omnia</span> <span class='ocrx_word' id='word_1_145' title='bbox 594 2116 776 2184; x_wconf 79' lang='lat' dir='ltr'>congruuut;</span> <span class='ocrx_word' id='word_1_146' title='bbox 791 2101 863 2164; x_wconf 87' lang='lat' dir='ltr'>mibi</span> <span class='ocrx_word' id='word_1_147' title='bbox 877 2103 989 2164; x_wconf 88' lang='lat' dir='ltr'>nullum</span> <span class='ocrx_word' id='word_1_148' title='bbox 1004 2104 1097 2186; x_wconf 84' lang='lat' dir='ltr'>magia</span> 
     </span>
     <span class='ocr_line' id='line_1_22' title="bbox 125 2184 730 2328; baseline 0 -82"><span class='ocrx_word' id='word_1_149' title='bbox 125 2185 232 2246; x_wconf 86' lang='lat' dir='ltr'>arridet</span> <span class='ocrx_word' id='word_1_150' title='bbox 253 2184 342 2328; x_wconf 64' lang='lat' dir='ltr'>qqram</span> <span class='ocrx_word' id='word_1_151' title='bbox 356 2185 413 2246; x_wconf 88' lang='lat' dir='ltr'>hoe</span> <span class='ocrx_word' id='word_1_152' title='bbox 429 2185 507 2266; x_wconf 92' lang='lat' dir='ltr'>quod</span> <span class='ocrx_word' id='word_1_153' title='bbox 523 2199 638 2246; x_wconf 85' lang='lat' dir='ltr'>secutus</span> <span class='ocrx_word' id='word_1_154' title='bbox 655 2207 730 2246; x_wconf 91' lang='lat' dir='ltr'>sum.</span> 
     </span>
    </p>

    <p class='ocr_par' dir='ltr' id='par_1_10' title="bbox 168 2267 948 2350">
     <span class='ocr_line' id='line_1_23' title="bbox 168 2267 948 2350; baseline -0.003 -20"><span class='ocrx_word' id='word_1_155' title='bbox 168 2267 230 2330; x_wconf 81' lang='lat' dir='ltr'>Eu.</span> <span class='ocrx_word' id='word_1_156' title='bbox 292 2268 352 2329; x_wconf 89' lang='lat' dir='ltr'>ulta</span> <span class='ocrx_word' id='word_1_157' title='bbox 365 2281 463 2331; x_wconf 83' lang='lat' dir='ltr'>tamen</span> <span class='ocrx_word' id='word_1_158' title='bbox 480 2268 667 2329; x_wconf 90' lang='lat' dir='ltr'>incommoda</span> <span class='ocrx_word' id='word_1_159' title='bbox 680 2269 770 2330; x_wconf 89' lang='lat' dir='ltr'>habet</span> <span class='ocrx_word' id='word_1_160' title='bbox 783 2267 948 2350; x_wconf 81' lang='lat' dir='ltr'>negotiatio.</span> 
     </span>
    </p>

    <p class='ocr_par' dir='ltr' id='par_1_11' title="bbox 125 2349 1096 2681">
     <span class='ocr_line' id='line_1_24' title="bbox 168 2349 1094 2432; baseline 0 -20"><span class='ocrx_word' id='word_1_161' title='bbox 168 2349 229 2412; x_wconf 88' lang='lat' dir='ltr'>Pu.</span> <span class='ocrx_word' id='word_1_162' title='bbox 255 2350 305 2412; x_wconf 87' lang='lat' dir='ltr'>Sic</span> <span class='ocrx_word' id='word_1_163' title='bbox 320 2364 373 2412; x_wconf 90' lang='lat' dir='ltr'>est.</span> <span class='ocrx_word' id='word_1_164' title='bbox 419 2349 480 2411; x_wconf 88' lang='lat' dir='ltr'>Sed</span> <span class='ocrx_word' id='word_1_165' title='bbox 498 2351 615 2432; x_wconf 92' lang='lat' dir='ltr'>quando</span> <span class='ocrx_word' id='word_1_166' title='bbox 637 2351 748 2411; x_wconf 92' lang='lat' dir='ltr'>nullum</span> <span class='ocrx_word' id='word_1_167' title='bbox 771 2351 837 2411; x_wconf 85' lang='lat' dir='ltr'>vitae</span> <span class='ocrx_word' id='word_1_168' title='bbox 853 2371 944 2432; x_wconf 84' lang='lat' dir='ltr'>genus</span> <span class='ocrx_word' id='word_1_169' title='bbox 958 2351 1094 2412; x_wconf 87' lang='lat' dir='ltr'>omnibus</span> 
     </span>
     <span class='ocr_line' id='line_1_25' title="bbox 126 2433 1096 2516; baseline -0.004 -18"><span class='ocrx_word' id='word_1_170' title='bbox 126 2449 207 2498; x_wconf 88' lang='lat' dir='ltr'>earet</span> <span class='ocrx_word' id='word_1_171' title='bbox 218 2433 420 2508; x_wconf 87' lang='lat' dir='ltr'>incommodis,</span> <span class='ocrx_word' id='word_1_172' title='bbox 436 2434 511 2494; x_wconf 88' lang='lat' dir='ltr'>hano</span> <span class='ocrx_word' id='word_1_173' title='bbox 531 2433 668 2515; x_wconf 87' lang='lat' dir='ltr'>Spartam</span> <span class='ocrx_word' id='word_1_174' title='bbox 684 2455 747 2516; x_wconf 88' lang='lat' dir='ltr'>quae</span> <span class='ocrx_word' id='word_1_175' title='bbox 771 2433 891 2514; x_wconf 85' lang='lat' dir='ltr'>contigit</span> <span class='ocrx_word' id='word_1_176' title='bbox 906 2453 985 2494; x_wconf 93' lang='lat' dir='ltr'>omo.</span> <span class='ocrx_word' id='word_1_177' title='bbox 1033 2433 1096 2494; x_wconf 92' lang='lat' dir='ltr'>Ve-</span> 
     </span>
     <span class='ocr_line' id='line_1_26' title="bbox 125 2515 1096 2602; baseline -0.003 -22"><span class='ocrx_word' id='word_1_178' title='bbox 125 2519 190 2580; x_wconf 84' lang='lat' dir='ltr'>rbm</span> <span class='ocrx_word' id='word_1_179' title='bbox 205 2538 284 2578; x_wconf 86' lang='lat' dir='ltr'>nune</span> <span class='ocrx_word' id='word_1_180' title='bbox 298 2530 432 2598; x_wconf 91' lang='lat' dir='ltr'>superest</span> <span class='ocrx_word' id='word_1_181' title='bbox 446 2515 603 2590; x_wconf 63' lang='lat' dir='ltr'>Eusebius</span> <span class='ocrx_word' id='word_1_182' title='bbox 616 2517 665 2602; x_wconf 93' lang='lat' dir='ltr'>qui</span> <span class='ocrx_word' id='word_1_183' title='bbox 680 2537 738 2576; x_wconf 91' lang='lat' dir='ltr'>non</span> <span class='ocrx_word' id='word_1_184' title='bbox 750 2517 914 2598; x_wconf 87' lang='lat' dir='ltr'>gravabitur</span> <span class='ocrx_word' id='word_1_185' title='bbox 929 2515 1008 2599; x_wconf 86' lang='lat' dir='ltr'>apud</span> <span class='ocrx_word' id='word_1_186' title='bbox 1024 2517 1096 2578; x_wconf 89' lang='lat' dir='ltr'>ami·</span> 
     </span>
     <span class='ocr_line' id='line_1_27' title="bbox 125 2599 1035 2681; baseline -0.007 -15"><span class='ocrx_word' id='word_1_187' title='bbox 125 2623 178 2666; x_wconf 88' lang='lat' dir='ltr'>cos</span> <span class='ocrx_word' id='word_1_188' title='bbox 192 2601 257 2662; x_wconf 86' lang='lat' dir='ltr'>vitae</span> <span class='ocrx_word' id='word_1_189' title='bbox 272 2621 331 2660; x_wconf 75' lang='lat' dir='ltr'>suae</span> <span class='ocrx_word' id='word_1_190' title='bbox 346 2621 466 2660; x_wconf 86' lang='lat' dir='ltr'>scenam</span> <span class='ocrx_word' id='word_1_191' title='bbox 481 2599 605 2680; x_wconf 88' lang='lat' dir='ltr'>aliquam</span> <span class='ocrx_word' id='word_1_192' title='bbox 621 2599 781 2681; x_wconf 88' lang='lat' dir='ltr'>explicare.</span> <span class='ocrx_word' id='word_1_193' title='bbox 1033 2664 1035 2668; x_wconf 66' lang='lat'>,</span> 
     </span>
    </p>

    <p class='ocr_par' dir='ltr' id='par_1_12' title="bbox 127 2680 1096 2832">
     <span class='ocr_line' id='line_1_28' title="bbox 169 2680 1096 2759; baseline -0.003 -11"><span class='ocrx_word' id='word_1_194' title='bbox 169 2683 231 2749; x_wconf 77' lang='lat' dir='ltr'>Eu.</span> <span class='ocrx_word' id='word_1_195' title='bbox 255 2682 331 2758; x_wconf 88' lang='lat' dir='ltr'>lmb,</span> <span class='ocrx_word' id='word_1_196' title='bbox 357 2695 447 2754; x_wconf 86' lang='lat' dir='ltr'>totam</span> <span class='ocrx_word' id='word_1_197' title='bbox 473 2680 611 2759; x_wconf 87' lang='lat' dir='ltr'>fabulam,</span> <span class='ocrx_word' id='word_1_198' title='bbox 627 2683 650 2744; x_wconf 90' lang='lat' dir='ltr'>si</span> <span class='ocrx_word' id='word_1_199' title='bbox 675 2681 800 2758; x_wconf 84' lang='lat' dir='ltr'>videtur,</span> <span class='ocrx_word' id='word_1_200' title='bbox 825 2703 893 2743; x_wconf 90' lang='lat' dir='ltr'>nam</span> <span class='ocrx_word' id='word_1_201' title='bbox 909 2683 997 2748; x_wconf 87' lang='lat' dir='ltr'>habet</span> <span class='ocrx_word' id='word_1_202' title='bbox 1014 2696 1096 2746; x_wconf 89' lang='lat' dir='ltr'>actus</span> 
     </span>
     <span class='ocr_line' id='line_1_29' title="bbox 127 2768 318 2832; baseline -0.021 0"><span class='ocrx_word' id='word_1_203' title='bbox 127 2790 185 2832; x_wconf 92' lang='lat' dir='ltr'>non</span> <span class='ocrx_word' id='word_1_204' title='bbox 200 2768 318 2829; x_wconf 91' lang='lat' dir='ltr'>multos.</span> 
     </span>
    </p>

    <p class='ocr_par' dir='ltr' id='par_1_13' title="bbox 175 2849 798 2952">
     <span class='ocr_line' id='line_1_30' title="bbox 175 2849 798 2952; baseline -0.002 -39"><span class='ocrx_word' id='word_1_205' title='bbox 175 2849 225 2913; x_wconf 76' lang='lat' dir='ltr'>Gt</span> <span class='ocrx_word' id='word_1_206' title='bbox 250 2849 318 2912; x_wconf 89' lang='lat' dir='ltr'>Erit</span> <span class='ocrx_word' id='word_1_207' title='bbox 333 2869 509 2952; x_wconf 84' lang='lat' dir='ltr'>magnopere</span> <span class='ocrx_word' id='word_1_208' title='bbox 525 2864 646 2932; x_wconf 88' lang='lat' dir='ltr'>gratum.</span> <span class='ocrx_word' id='word_1_209' title='bbox 794 2921 798 2926; x_wconf 39' lang='grc'><strong>,</strong></span> 
     </span>
    </p>

    <p class='ocr_par' dir='ltr' id='par_1_14' title="bbox 128 2933 1100 3350">
     <span class='ocr_line' id='line_1_31' title="bbox 171 2933 1098 3015; baseline -0.002 -19"><span class='ocrx_word' id='word_1_210' title='bbox 171 2934 232 2997; x_wconf 73' lang='lat' dir='ltr'>Eu,</span> <span class='ocrx_word' id='word_1_211' title='bbox 256 2933 317 3008; x_wconf 91' lang='lat' dir='ltr'>Ubi</span> <span class='ocrx_word' id='word_1_212' title='bbox 331 2934 473 2995; x_wconf 76' lang='lat' dir='ltr'>redissem</span> <span class='ocrx_word' id='word_1_213' title='bbox 487 2933 516 2994; x_wconf 91' lang='lat' dir='ltr'>in</span> <span class='ocrx_word' id='word_1_214' title='bbox 540 2934 673 3015; x_wconf 86' lang='lat' dir='ltr'>patriam,</span> <span class='ocrx_word' id='word_1_215' title='bbox 697 2953 805 2992; x_wconf 89' lang='lat' dir='ltr'>annum</span> <span class='ocrx_word' id='word_1_216' title='bbox 831 2933 908 3013; x_wconf 90' lang='lat' dir='ltr'>apud</span> <span class='ocrx_word' id='word_1_217' title='bbox 924 2955 973 2994; x_wconf 87' lang='lat' dir='ltr'>me</span> <span class='ocrx_word' id='word_1_218' title='bbox 988 2935 1098 2994; x_wconf 86' lang='lat' dir='ltr'>delibe-</span> 
     </span>
     <span class='ocr_line' id='line_1_32' title="bbox 128 3015 1097 3100; baseline -0.003 -19"><span class='ocrx_word' id='word_1_219' title='bbox 128 3019 189 3082; x_wconf 91' lang='lat' dir='ltr'>ravi</span> <span class='ocrx_word' id='word_1_220' title='bbox 213 3017 361 3100; x_wconf 90' lang='lat' dir='ltr'>quodnam</span> <span class='ocrx_word' id='word_1_221' title='bbox 382 3016 447 3076; x_wconf 84' lang='lat' dir='ltr'>vitae</span> <span class='ocrx_word' id='word_1_222' title='bbox 471 3037 563 3096; x_wconf 89' lang='lat' dir='ltr'>genus</span> <span class='ocrx_word' id='word_1_223' title='bbox 579 3015 718 3098; x_wconf 90' lang='lat' dir='ltr'>amplecti</span> <span class='ocrx_word' id='word_1_224' title='bbox 741 3016 868 3076; x_wconf 70' lang='lat' dir='ltr'>vellema</span> <span class='ocrx_word' id='word_1_225' title='bbox 891 3015 1034 3099; x_wconf 89' lang='lat' dir='ltr'>simulque</span> <span class='ocrx_word' id='word_1_226' title='bbox 1049 3037 1097 3078; x_wconf 88' lang='lat' dir='ltr'>me</span> 
     </span>
     <span class='ocr_line' id='line_1_33' title="bbox 128 3098 1099 3184; baseline -0.002 -21"><span class='ocrx_word' id='word_1_227' title='bbox 128 3103 225 3184; x_wconf 87' lang='lat' dir='ltr'>ipsum</span> <span class='ocrx_word' id='word_1_228' title='bbox 254 3121 293 3160; x_wconf 87' lang='lat' dir='ltr'>ex</span> <span class='ocrx_word' id='word_1_229' title='bbox 315 3099 417 3174; x_wconf 90' lang='lat' dir='ltr'>loravi‚</span> <span class='ocrx_word' id='word_1_230' title='bbox 443 3099 482 3159; x_wconf 89' lang='lat' dir='ltr'>ad</span> <span class='ocrx_word' id='word_1_231' title='bbox 510 3098 589 3181; x_wconf 92' lang='lat' dir='ltr'>quod</span> <span class='ocrx_word' id='word_1_232' title='bbox 618 3119 709 3181; x_wconf 87' lang='lat' dir='ltr'>genus</span> <span class='ocrx_word' id='word_1_233' title='bbox 735 3119 830 3160; x_wconf 87' lang='lat' dir='ltr'>essem</span> <span class='ocrx_word' id='word_1_234' title='bbox 860 3121 1020 3182; x_wconf 89' lang='lat' dir='ltr'>propensus</span> <span class='ocrx_word' id='word_1_235' title='bbox 1049 3115 1099 3162; x_wconf 86' lang='lat' dir='ltr'>aut</span> 
     </span>
     <span class='ocr_line' id='line_1_34' title="bbox 128 3121 1100 3266; baseline -0.002 -20"><span class='ocrx_word' id='word_1_236' title='bbox 128 3185 261 3246; x_wconf 89' lang='lat' dir='ltr'>idoneus.</span> <span class='ocrx_word' id='word_1_237' title='bbox 296 3121 427 3244; x_wconf 78' lang='lat' dir='ltr'>pInterim</span> <span class='ocrx_word' id='word_1_238' title='bbox 442 3183 539 3244; x_wconf 87' lang='lat' dir='ltr'>oblata</span> <span class='ocrx_word' id='word_1_239' title='bbox 554 3196 597 3244; x_wconf 91' lang='lat' dir='ltr'>est</span> <span class='ocrx_word' id='word_1_240' title='bbox 613 3183 779 3265; x_wconf 77' lang='lat' dir='ltr'>prebenda,</span> <span class='ocrx_word' id='word_1_241' title='bbox 796 3205 884 3266; x_wconf 86' lang='lat' dir='ltr'>quam</span> <span class='ocrx_word' id='word_1_242' title='bbox 900 3198 1015 3260; x_wconf 83' lang='lat' dir='ltr'>vocant,</span> <span class='ocrx_word' id='word_1_243' title='bbox 1030 3180 1100 3244; x_wconf 85' lang='lat' dir='ltr'>satis</span> 
     </span>
     <span class='ocr_line' id='line_1_35' title="bbox 129 3265 573 3350; baseline -0.005 -21"><span class='ocrx_word' id='word_1_244' title='bbox 129 3267 220 3350; x_wconf 94' lang='lat' dir='ltr'>opimi</span> <span class='ocrx_word' id='word_1_245' title='bbox 236 3265 401 3348; x_wconf 72' lang='lat' dir='ltr'>proventias.</span> <span class='ocrx_word' id='word_1_246' title='bbox 447 3265 573 3348; x_wconf 81' lang='lat' dir='ltr'>Accepi.</span> 
     </span>
    </p>

    <p class='ocr_par' dir='ltr' id='par_1_15' title="bbox 178 3346 884 3432">
     <span class='ocr_line' id='line_1_36' title="bbox 178 3346 884 3432; baseline 0 -22"><span class='ocrx_word' id='word_1_247' title='bbox 178 3347 228 3410; x_wconf 72' lang='lat' dir='ltr'>ut</span> <span class='ocrx_word' id='word_1_248' title='bbox 252 3347 352 3432; x_wconf 83' lang='lat' dir='ltr'>Vulgb</span> <span class='ocrx_word' id='word_1_249' title='bbox 365 3346 442 3410; x_wconf 70' lang='lat' dir='ltr'>male</span> <span class='ocrx_word' id='word_1_250' title='bbox 458 3349 537 3410; x_wconf 88' lang='lat' dir='ltr'>audit</span> <span class='ocrx_word' id='word_1_251' title='bbox 551 3350 609 3411; x_wconf 89' lang='lat' dir='ltr'>hoe</span> <span class='ocrx_word' id='word_1_252' title='bbox 623 3349 687 3411; x_wconf 82' lang='lat' dir='ltr'>vitae</span> <span class='ocrx_word' id='word_1_253' title='bbox 703 3371 805 3432; x_wconf 86' lang='lat' dir='ltr'>genus.</span> <span class='ocrx_word' id='word_1_254' title='bbox 881 3359 884 3361; x_wconf 83' lang='grc'><strong>’</strong></span> 
     </span>
    </p>

    <p class='ocr_par' dir='ltr' id='par_1_16' title="bbox 129 3430 1103 3764">
     <span class='ocr_line' id='line_1_37' title="bbox 173 3430 1101 3514; baseline -0.001 -20"><span class='ocrx_word' id='word_1_255' title='bbox 173 3431 236 3494; x_wconf 79' lang='lat' dir='ltr'>Eu.</span> <span class='ocrx_word' id='word_1_256' title='bbox 261 3430 336 3493; x_wconf 89' lang='lat' dir='ltr'>Mihi</span> <span class='ocrx_word' id='word_1_257' title='bbox 350 3445 383 3493; x_wconf 90' lang='lat' dir='ltr'>ut</span> <span class='ocrx_word' id='word_1_258' title='bbox 398 3445 465 3492; x_wconf 88' lang='lat' dir='ltr'>sunt</span> <span class='ocrx_word' id='word_1_259' title='bbox 479 3453 526 3492; x_wconf 87' lang='lat' dir='ltr'>res</span> <span class='ocrx_word' id='word_1_260' title='bbox 548 3432 682 3495; x_wconf 82' lang='lat' dir='ltr'>humana</span> <span class='ocrx_word' id='word_1_261' title='bbox 705 3433 776 3494; x_wconf 87' lang='lat' dir='ltr'>satis</span> <span class='ocrx_word' id='word_1_262' title='bbox 797 3430 995 3514; x_wconf 86' lang='lat' dir='ltr'>exoptandum</span> <span class='ocrx_word' id='word_1_263' title='bbox 1019 3431 1101 3493; x_wconf 84' lang='lat' dir='ltr'>vide-</span> 
     </span>
     <span class='ocr_line' id='line_1_38' title="bbox 129 3513 1103 3597; baseline -0.001 -19"><span class='ocrx_word' id='word_1_264' title='bbox 129 3531 185 3579; x_wconf 89' lang='lat' dir='ltr'>tur.</span> <span class='ocrx_word' id='word_1_265' title='bbox 231 3515 282 3578; x_wconf 82' lang='lat' dir='ltr'>An</span> <span class='ocrx_word' id='word_1_266' title='bbox 305 3515 485 3580; x_wconf 86' lang='lat' dir='ltr'>medioerem</span> <span class='ocrx_word' id='word_1_267' title='bbox 509 3513 678 3576; x_wconf 79' lang='lat' dir='ltr'>felicitatem</span> <span class='ocrx_word' id='word_1_268' title='bbox 693 3535 758 3577; x_wconf 87' lang='lat' dir='ltr'>esse</span> <span class='ocrx_word' id='word_1_269' title='bbox 773 3515 891 3597; x_wconf 80' lang='lat' dir='ltr'>putatis,</span> <span class='ocrx_word' id='word_1_270' title='bbox 906 3513 1002 3576; x_wconf 79' lang='lat' dir='ltr'>subito</span> <span class='ocrx_word' id='word_1_271' title='bbox 1021 3515 1103 3577; x_wconf 81' lang='lat' dir='ltr'>velut</span> 
     </span>
     <span class='ocr_line' id='line_1_39' title="bbox 130 3595 1103 3682; baseline 0 -22"><span class='ocrx_word' id='word_1_272' title='bbox 130 3621 149 3660; x_wconf 91' lang='lat' dir='ltr'>e</span> <span class='ocrx_word' id='word_1_273' title='bbox 161 3599 238 3662; x_wconf 81' lang='lat' dir='ltr'>coelo</span> <span class='ocrx_word' id='word_1_274' title='bbox 253 3599 315 3660; x_wconf 91' lang='lat' dir='ltr'>dari</span> <span class='ocrx_word' id='word_1_275' title='bbox 330 3610 373 3660; x_wconf 89' lang='lat' dir='ltr'>tot</span> <span class='ocrx_word' id='word_1_276' title='bbox 385 3598 551 3676; x_wconf 86' lang='lat' dir='ltr'>commoda,</span> <span class='ocrx_word' id='word_1_277' title='bbox 563 3599 745 3682; x_wconf 87' lang='lat' dir='ltr'>dignitatem,</span> <span class='ocrx_word' id='word_1_278' title='bbox 758 3598 836 3660; x_wconf 83' lang='lat' dir='ltr'>aedes</span> <span class='ocrx_word' id='word_1_279' title='bbox 851 3598 995 3676; x_wconf 78' lang='lat' dir='ltr'>honestas,</span> <span class='ocrx_word' id='word_1_280' title='bbox 1010 3595 1103 3660; x_wconf 70' lang='lat' dir='ltr'>bene-</span> 
     </span>
     <span class='ocr_line' id='line_1_40' title="bbox 131 3680 1081 3764; baseline -0.001 -21"><span class='ocrx_word' id='word_1_281' title='bbox 131 3703 196 3764; x_wconf 85' lang='lat' dir='ltr'>que</span> <span class='ocrx_word' id='word_1_282' title='bbox 211 3682 376 3758; x_wconf 86' lang='lat' dir='ltr'>instruotas,</span> <span class='ocrx_word' id='word_1_283' title='bbox 392 3701 502 3745; x_wconf 86' lang='lat' dir='ltr'>annuos</span> <span class='ocrx_word' id='word_1_284' title='bbox 520 3682 631 3745; x_wconf 85' lang='lat' dir='ltr'>reditus</span> <span class='ocrx_word' id='word_1_285' title='bbox 646 3680 716 3744; x_wconf 84' lang='lat' dir='ltr'>satis</span> <span class='ocrx_word' id='word_1_286' title='bbox 728 3681 850 3764; x_wconf 85' lang='lat' dir='ltr'>amplos,</span> <span class='ocrx_word' id='word_1_287' title='bbox 865 3681 1028 3744; x_wconf 85' lang='lat' dir='ltr'>sodalitium</span> <span class='ocrx_word' id='word_1_288' title='bbox 1049 3683 1081 3743; x_wconf 82' lang='lat' dir='ltr'>b&lt;</span> 
     </span>
    </p>
   </div>
   <div class='ocr_carea' id='block_1_3' title="bbox 133 3763 1073 3910">
    <p class='ocr_par' dir='ltr' id='par_1_17' title="bbox 133 3763 1073 3910">
     <span class='ocr_line' id='line_1_41' title="bbox 133 3763 1073 3910; baseline -0.003 -82"><span class='ocrx_word' id='word_1_289' title='bbox 133 3765 295 3846; x_wconf 79' lang='lat' dir='ltr'>aurificum,</span> <span class='ocrx_word' id='word_1_290' title='bbox 311 3764 587 3910; x_wconf 71' lang='lat' dir='ltr'>deinqe3templunr,</span> <span class='ocrx_word' id='word_1_291' title='bbox 600 3764 662 3841; x_wconf 91' lang='lat' dir='ltr'>ubi,</span> <span class='ocrx_word' id='word_1_292' title='bbox 677 3769 701 3828; x_wconf 88' lang='lat' dir='ltr'>si</span> <span class='ocrx_word' id='word_1_293' title='bbox 714 3764 811 3842; x_wconf 83' lang='lat' dir='ltr'>libeat,</span> <span class='ocrx_word' id='word_1_294' title='bbox 825 3785 916 3830; x_wconf 81' lang='lat' dir='ltr'>vaees</span> <span class='ocrx_word' id='word_1_295' title='bbox 928 3763 1073 3849; x_wconf 65' lang='lat' dir='ltr'>religionil</span> 
     </span>
    </p>
   </div>
   <div class='ocr_carea' id='block_1_4' title="bbox 0 0 1306 4194">
    <p class='ocr_par' dir='ltr' id='par_1_18' title="bbox 0 0 1306 4194">
     <span class='ocr_line' id='line_1_42' title="bbox 0 0 1306 4194; baseline 0 0"><span class='ocrx_word' id='word_1_296' title='bbox 0 0 1306 4194; x_wconf 95' lang='lat' dir='ltr'> </span> 
     </span>
    </p>
   </div>
  </div>
 </body>
</html>
