<?xml version="1.0" encoding="UTF-8"?>
<!DOCTYPE html PUBLIC "-//W3C//DTD XHTML 1.0 Transitional//EN"
    "http://www.w3.org/TR/xhtml1/DTD/xhtml1-transitional.dtd">
<html xmlns="http://www.w3.org/1999/xhtml" xml:lang="en" lang="en">
 <head>
  <title>
</title>
<meta http-equiv="Content-Type" content="text/html;charset=utf-8" />
  <meta name='ocr-system' content='tesseract 3.04.00' />
  <meta name='ocr-capabilities' content='ocr_page ocr_carea ocr_par ocr_line ocrx_word'/>
</head>
<body>
  <div class='ocr_page' id='page_1' title='image "./liberprimus00danagoog_0065.png"; bbox 0 0 2570 4180; ppageno 0'>
   <div class='ocr_carea' id='block_1_1' title="bbox 605 333 704 417">
    <p class='ocr_par' dir='ltr' id='par_1_1' title="bbox 605 333 704 417">
     <span class='ocr_line' id='line_1_1' title="bbox 605 333 704 417; baseline -0.02 -12"><span class='ocrx_word' id='word_1_1' title='bbox 605 333 704 417; x_wconf 58' lang='lat'>,60</span> 
     </span>
    </p>
   </div>
   <div class='ocr_carea' id='block_1_2' title="bbox 199 509 1166 1184">
    <p class='ocr_par' dir='ltr' id='par_1_2' title="bbox 201 509 1166 681">
     <span class='ocr_line' id='line_1_2' title="bbox 202 509 1166 593; baseline 0.002 -19"><span class='ocrx_word' id='word_1_2' title='bbox 202 509 302 575; x_wconf 87' lang='lat' dir='ltr'>lantes</span> <span class='ocrx_word' id='word_1_3' title='bbox 329 513 479 576; x_wconf 88' lang='lat' dir='ltr'>victorem</span> <span class='ocrx_word' id='word_1_4' title='bbox 503 513 665 576; x_wconf 89' lang='lat' dir='ltr'>deducunt</span> <span class='ocrx_word' id='word_1_5' title='bbox 687 513 727 575; x_wconf 87' lang='lat' dir='ltr'>ad</span> <span class='ocrx_word' id='word_1_6' title='bbox 749 512 883 574; x_wconf 88' lang='lat' dir='ltr'>urbem:</span> <span class='ocrx_word' id='word_1_7' title='bbox 915 511 991 593; x_wconf 84' lang='lat' dir='ltr'>ipsae</span> <span class='ocrx_word' id='word_1_8' title='bbox 1013 511 1166 578; x_wconf 85' lang='lat' dir='ltr'>mulieres</span> 
     </span>
     <span class='ocr_line' id='line_1_3' title="bbox 201 596 1139 681; baseline 0.001 -23"><span class='ocrx_word' id='word_1_9' title='bbox 201 596 346 660; x_wconf 88' lang='lat' dir='ltr'>domibus</span> <span class='ocrx_word' id='word_1_10' title='bbox 360 619 493 681; x_wconf 85' lang='lat' dir='ltr'>egressae</span> <span class='ocrx_word' id='word_1_11' title='bbox 508 618 581 660; x_wconf 90' lang='lat' dir='ltr'>cum</span> <span class='ocrx_word' id='word_1_12' title='bbox 596 597 750 680; x_wconf 88' lang='lat' dir='ltr'>tympanis</span> <span class='ocrx_word' id='word_1_13' title='bbox 765 596 873 658; x_wconf 90' lang='lat' dir='ltr'>laudes</span> <span class='ocrx_word' id='word_1_14' title='bbox 888 596 955 678; x_wconf 87' lang='lat' dir='ltr'>ejus</span> <span class='ocrx_word' id='word_1_15' title='bbox 970 598 1139 659; x_wconf 81' lang='lat' dir='ltr'><strong>canebant.</strong></span> 
     </span>
    </p>

    <p class='ocr_par' dir='ltr' id='par_1_3' title="bbox 200 679 1165 932">
     <span class='ocr_line' id='line_1_4' title="bbox 244 679 1165 766; baseline 0 -23"><span class='ocrx_word' id='word_1_16' title='bbox 244 681 365 743; x_wconf 89' lang='lat' dir='ltr'>Tantus</span> <span class='ocrx_word' id='word_1_17' title='bbox 388 681 495 766; x_wconf 90' lang='lat' dir='ltr'>populi</span> <span class='ocrx_word' id='word_1_18' title='bbox 521 681 605 743; x_wconf 85' lang='lat' dir='ltr'>lavor</span> <span class='ocrx_word' id='word_1_19' title='bbox 631 681 777 742; x_wconf 91' lang='lat' dir='ltr'>invidiam</span> <span class='ocrx_word' id='word_1_20' title='bbox 804 679 905 741; x_wconf 76' lang='lat' dir='ltr'>Saulis</span> <span class='ocrx_word' id='word_1_21' title='bbox 927 681 1085 756; x_wconf 80' lang='lat' dir='ltr'>accendit,</span> <span class='ocrx_word' id='word_1_22' title='bbox 1108 682 1165 762; x_wconf 90' lang='lat' dir='ltr'>qui</span> 
     </span>
     <span class='ocr_line' id='line_1_5' title="bbox 200 764 1165 849; baseline 0.002 -23"><span class='ocrx_word' id='word_1_23' title='bbox 200 765 351 846; x_wconf 86' lang='lat' dir='ltr'>deinceps</span> <span class='ocrx_word' id='word_1_24' title='bbox 375 765 529 828; x_wconf 91' lang='lat' dir='ltr'>malevolo</span> <span class='ocrx_word' id='word_1_25' title='bbox 555 765 613 826; x_wconf 88' lang='lat' dir='ltr'>fuit</span> <span class='ocrx_word' id='word_1_26' title='bbox 634 766 666 826; x_wconf 93' lang='lat' dir='ltr'>in</span> <span class='ocrx_word' id='word_1_27' title='bbox 698 764 850 827; x_wconf 87' lang='lat' dir='ltr'>Davidem</span> <span class='ocrx_word' id='word_1_28' title='bbox 873 764 988 840; x_wconf 85' lang='lat' dir='ltr'>animo,</span> <span class='ocrx_word' id='word_1_29' title='bbox 1016 785 1076 828; x_wconf 89' lang='lat' dir='ltr'>nec</span> <span class='ocrx_word' id='word_1_30' title='bbox 1095 765 1165 849; x_wconf 87' lang='lat' dir='ltr'>jam</span> 
     </span>
     <span class='ocr_line' id='line_1_6' title="bbox 200 848 746 932; baseline -0.002 -22"><span class='ocrx_word' id='word_1_31' title='bbox 200 866 273 910; x_wconf 85' lang='lat' dir='ltr'>eum</span> <span class='ocrx_word' id='word_1_32' title='bbox 287 848 433 932; x_wconf 86' lang='lat' dir='ltr'>benignis</span> <span class='ocrx_word' id='word_1_33' title='bbox 447 850 548 911; x_wconf 90' lang='lat' dir='ltr'>oculis</span> <span class='ocrx_word' id='word_1_34' title='bbox 562 849 746 930; x_wconf 80' lang='lat' dir='ltr'>aspiciebat.</span> 
     </span>
    </p>

    <p class='ocr_par' dir='ltr' id='par_1_4' title="bbox 199 930 1164 1184">
     <span class='ocr_line' id='line_1_7' title="bbox 243 930 1164 1015; baseline 0.002 -21"><span class='ocrx_word' id='word_1_35' title='bbox 243 931 353 1015; x_wconf 71' lang='lat' dir='ltr'>Longe</span> <span class='ocrx_word' id='word_1_36' title='bbox 377 933 439 996; x_wconf 90' lang='lat' dir='ltr'>alia</span> <span class='ocrx_word' id='word_1_37' title='bbox 461 933 519 996; x_wconf 88' lang='lat' dir='ltr'>fuit</span> <span class='ocrx_word' id='word_1_38' title='bbox 539 954 626 995; x_wconf 87' lang='lat' dir='ltr'>mens</span> <span class='ocrx_word' id='word_1_39' title='bbox 649 932 704 994; x_wconf 90' lang='lat' dir='ltr'>filii</span> <span class='ocrx_word' id='word_1_40' title='bbox 730 931 797 1014; x_wconf 77' lang='lat' dir='ltr'>ejus</span> <span class='ocrx_word' id='word_1_41' title='bbox 818 930 983 993; x_wconf 84' lang='lat' dir='ltr'>Jonatbae:</span> <span class='ocrx_word' id='word_1_42' title='bbox 1005 931 1164 995; x_wconf 65' lang='lat' dir='ltr'>&#39;virtutem</span> 
     </span>
     <span class='ocr_line' id='line_1_8' title="bbox 200 1013 1164 1098; baseline 0.001 -21"><span class='ocrx_word' id='word_1_43' title='bbox 200 1013 329 1078; x_wconf 91' lang='lat' dir='ltr'>Davidis</span> <span class='ocrx_word' id='word_1_44' title='bbox 351 1017 516 1094; x_wconf 89' lang='lat' dir='ltr'>admirans,</span> <span class='ocrx_word' id='word_1_45' title='bbox 549 1017 636 1078; x_wconf 94' lang='lat' dir='ltr'>illum</span> <span class='ocrx_word' id='word_1_46' title='bbox 672 1015 821 1098; x_wconf 86' lang='lat' dir='ltr'>singulari</span> <span class='ocrx_word' id='word_1_47' title='bbox 852 1035 956 1076; x_wconf 87' lang='lat' dir='ltr'>amore</span> <span class='ocrx_word' id='word_1_48' title='bbox 978 1016 1164 1098; x_wconf 79' lang='lat' dir='ltr'>complexus</span> 
     </span>
     <span class='ocr_line' id='line_1_9' title="bbox 199 1099 942 1184; baseline -0.004 -22"><span class='ocrx_word' id='word_1_49' title='bbox 199 1109 258 1177; x_wconf 86' lang='lat' dir='ltr'>est,</span> <span class='ocrx_word' id='word_1_50' title='bbox 273 1121 392 1184; x_wconf 89' lang='lat' dir='ltr'>suoque</span> <span class='ocrx_word' id='word_1_51' title='bbox 406 1101 522 1179; x_wconf 89' lang='lat' dir='ltr'>balteo,</span> <span class='ocrx_word' id='word_1_52' title='bbox 537 1123 623 1179; x_wconf 88' lang='lat' dir='ltr'>arcu,</span> <span class='ocrx_word' id='word_1_53' title='bbox 637 1111 670 1164; x_wconf 87' lang='lat' dir='ltr'>et</span> <span class='ocrx_word' id='word_1_54' title='bbox 683 1101 791 1184; x_wconf 84' lang='lat' dir='ltr'>gladio</span> <span class='ocrx_word' id='word_1_55' title='bbox 805 1099 942 1162; x_wconf 89' lang='lat' dir='ltr'>donavit.</span> 
     </span>
    </p>
   </div>
   <div class='ocr_carea' id='block_1_3' title="bbox 646 1224 717 1280">
    <p class='ocr_par' dir='ltr' id='par_1_5' title="bbox 646 1224 717 1280">
     <span class='ocr_line' id='line_1_10' title="bbox 646 1224 717 1280; baseline -0.028 0"><span class='ocrx_word' id='word_1_56' title='bbox 646 1224 717 1280; x_wconf 87' lang='lat'>115.</span> 
     </span>
    </p>
   </div>
   <div class='ocr_carea' id='block_1_4' title="bbox 200 1334 1165 2005">
    <p class='ocr_par' dir='ltr' id='par_1_6' title="bbox 200 1334 1165 1588">
     <span class='ocr_line' id='line_1_11' title="bbox 244 1334 1165 1416; baseline -0.003 -17"><span class='ocrx_word' id='word_1_57' title='bbox 244 1335 319 1399; x_wconf 83' lang='lat' dir='ltr'>Saiil</span> <span class='ocrx_word' id='word_1_58' title='bbox 351 1337 460 1400; x_wconf 87' lang='lat' dir='ltr'>victori</span> <span class='ocrx_word' id='word_1_59' title='bbox 493 1336 588 1398; x_wconf 89' lang='lat' dir='ltr'>liliam</span> <span class='ocrx_word' id='word_1_60' title='bbox 610 1355 699 1398; x_wconf 88' lang='lat' dir='ltr'>suam</span> <span class='ocrx_word' id='word_1_61' title='bbox 720 1334 930 1416; x_wconf 87' lang='lat' dir='ltr'>spoponderat</span> <span class='ocrx_word' id='word_1_62' title='bbox 951 1353 1078 1396; x_wconf 84' lang='lat' dir='ltr'>uxorem</span> <span class='ocrx_word' id='word_1_63' title='bbox 1090 1355 1100 1412; x_wconf 86' lang='lat'>3</span> <span class='ocrx_word' id='word_1_64' title='bbox 1130 1344 1165 1396; x_wconf 90' lang='lat' dir='ltr'>at</span> 
     </span>
     <span class='ocr_line' id='line_1_12' title="bbox 201 1418 1164 1501; baseline 0 -21"><span class='ocrx_word' id='word_1_65' title='bbox 201 1419 357 1501; x_wconf 87' lang='lat' dir='ltr'>promissis</span> <span class='ocrx_word' id='word_1_66' title='bbox 371 1441 435 1482; x_wconf 90' lang='lat' dir='ltr'>non</span> <span class='ocrx_word' id='word_1_67' title='bbox 457 1421 551 1494; x_wconf 88' lang='lat' dir='ltr'>stetit,</span> <span class='ocrx_word' id='word_1_68' title='bbox 567 1439 741 1498; x_wconf 90' lang='lat' dir='ltr'>novamque</span> <span class='ocrx_word' id='word_1_69' title='bbox 756 1418 969 1480; x_wconf 89' lang='lat' dir='ltr'>conditionem</span> <span class='ocrx_word' id='word_1_70' title='bbox 991 1418 1164 1500; x_wconf 86' lang='lat' dir='ltr'>proposuit,</span> 
     </span>
     <span class='ocr_line' id='line_1_13' title="bbox 200 1502 1033 1588; baseline -0.002 -24"><span class='ocrx_word' id='word_1_71' title='bbox 200 1502 226 1564; x_wconf 90' lang='lat' dir='ltr'>si</span> <span class='ocrx_word' id='word_1_72' title='bbox 240 1523 353 1588; x_wconf 89' lang='lat' dir='ltr'>nempe</span> <span class='ocrx_word' id='word_1_73' title='bbox 368 1503 470 1566; x_wconf 88' lang='lat' dir='ltr'>David</span> <span class='ocrx_word' id='word_1_74' title='bbox 485 1513 612 1566; x_wconf 91' lang='lat' dir='ltr'>centum</span> <span class='ocrx_word' id='word_1_75' title='bbox 627 1503 801 1564; x_wconf 87' lang='lat' dir='ltr'>Philistaeos</span> <span class='ocrx_word' id='word_1_76' title='bbox 817 1502 1033 1564; x_wconf 86' lang='lat' dir='ltr'>interfecisset.</span> 
     </span>
    </p>

    <p class='ocr_par' dir='ltr' id='par_1_7' title="bbox 200 1585 1165 1839">
     <span class='ocr_line' id='line_1_14' title="bbox 243 1585 1165 1668; baseline 0 -20"><span class='ocrx_word' id='word_1_77' title='bbox 243 1585 332 1650; x_wconf 92' lang='lat' dir='ltr'>Malo</span> <span class='ocrx_word' id='word_1_78' title='bbox 369 1588 474 1650; x_wconf 89' lang='lat' dir='ltr'>animo</span> <span class='ocrx_word' id='word_1_79' title='bbox 509 1587 542 1649; x_wconf 94' lang='lat' dir='ltr'>id</span> <span class='ocrx_word' id='word_1_80' title='bbox 577 1587 714 1650; x_wconf 87' lang='lat' dir='ltr'>faciebat</span> <span class='ocrx_word' id='word_1_81' title='bbox 750 1608 803 1649; x_wconf 83' lang='lat' dir='ltr'>rex</span> <span class='ocrx_word' id='word_1_82' title='bbox 839 1586 981 1663; x_wconf 87' lang='lat' dir='ltr'>invidus;</span> <span class='ocrx_word' id='word_1_83' title='bbox 1017 1586 1165 1668; x_wconf 86' lang='lat' dir='ltr'>sperabat</span> 
     </span>
     <span class='ocr_line' id='line_1_15' title="bbox 201 1669 1165 1756; baseline -0.002 -22"><span class='ocrx_word' id='word_1_84' title='bbox 201 1670 326 1734; x_wconf 89' lang='lat' dir='ltr'>scilicet</span> <span class='ocrx_word' id='word_1_85' title='bbox 353 1669 500 1756; x_wconf 87' lang='lat' dir='ltr'>juvenem</span> <span class='ocrx_word' id='word_1_86' title='bbox 523 1671 676 1735; x_wconf 89' lang='lat' dir='ltr'>audacem</span> <span class='ocrx_word' id='word_1_87' title='bbox 701 1670 794 1734; x_wconf 70' lang='lat' dir='ltr'>sacili</span> <span class='ocrx_word' id='word_1_88' title='bbox 824 1670 1013 1752; x_wconf 82' lang='lat' dir='ltr'>periturum3</span> <span class='ocrx_word' id='word_1_89' title='bbox 1045 1679 1078 1732; x_wconf 86' lang='lat' dir='ltr'>at</span> <span class='ocrx_word' id='word_1_90' title='bbox 1106 1691 1165 1732; x_wconf 86' lang='lat' dir='ltr'>sua</span> 
     </span>
     <span class='ocr_line' id='line_1_16' title="bbox 200 1756 499 1839; baseline 0 -21"><span class='ocrx_word' id='word_1_91' title='bbox 200 1775 274 1818; x_wconf 91' lang='lat' dir='ltr'>eum</span> <span class='ocrx_word' id='word_1_92' title='bbox 288 1777 360 1839; x_wconf 94' lang='lat' dir='ltr'>spes</span> <span class='ocrx_word' id='word_1_93' title='bbox 374 1756 499 1820; x_wconf 90' lang='lat' dir='ltr'>delusit.</span> 
     </span>
    </p>

    <p class='ocr_par' dir='ltr' id='par_1_8' title="bbox 201 1837 1164 2005">
     <span class='ocr_line' id='line_1_17' title="bbox 243 1837 1164 1916; baseline -0.001 -15"><span class='ocrx_word' id='word_1_94' title='bbox 243 1840 278 1901; x_wconf 91' lang='lat' dir='ltr'>N</span> <span class='ocrx_word' id='word_1_95' title='bbox 280 1861 329 1900; x_wconf 89' lang='lat' dir='ltr'>am</span> <span class='ocrx_word' id='word_1_96' title='bbox 344 1840 456 1915; x_wconf 86' lang='lat' dir='ltr'>David,</span> <span class='ocrx_word' id='word_1_97' title='bbox 470 1839 584 1902; x_wconf 91' lang='lat' dir='ltr'>occisis</span> <span class='ocrx_word' id='word_1_98' title='bbox 597 1839 741 1902; x_wconf 90' lang='lat' dir='ltr'>ducentis</span> <span class='ocrx_word' id='word_1_99' title='bbox 756 1837 932 1913; x_wconf 84' lang='lat' dir='ltr'>Philistaeis,</span> <span class='ocrx_word' id='word_1_100' title='bbox 943 1837 1024 1900; x_wconf 91' lang='lat' dir='ltr'>redit</span> <span class='ocrx_word' id='word_1_101' title='bbox 1035 1837 1164 1916; x_wconf 87' lang='lat' dir='ltr'>illaesus,</span> 
     </span>
     <span class='ocr_line' id='line_1_18' title="bbox 201 1921 1003 2005; baseline 0 -23"><span class='ocrx_word' id='word_1_102' title='bbox 201 1931 295 2002; x_wconf 90' lang='lat' dir='ltr'>atque</span> <span class='ocrx_word' id='word_1_103' title='bbox 311 1921 356 1984; x_wconf 90' lang='lat' dir='ltr'>ita</span> <span class='ocrx_word' id='word_1_104' title='bbox 369 1922 452 2005; x_wconf 87' lang='lat' dir='ltr'>regis</span> <span class='ocrx_word' id='word_1_105' title='bbox 466 1922 562 1984; x_wconf 83' lang='lat' dir='ltr'>tiliam</span> <span class='ocrx_word' id='word_1_106' title='bbox 576 1924 609 1987; x_wconf 90' lang='lat' dir='ltr'>in</span> <span class='ocrx_word' id='word_1_107' title='bbox 622 1922 851 1984; x_wconf 90' lang='lat' dir='ltr'>matrimonium</span> <span class='ocrx_word' id='word_1_108' title='bbox 867 1921 1003 2004; x_wconf 89' lang='lat' dir='ltr'>accepit.</span> 
     </span>
    </p>
   </div>
   <div class='ocr_carea' id='block_1_5' title="bbox 648 2047 717 2106">
    <p class='ocr_par' dir='ltr' id='par_1_9' title="bbox 648 2047 717 2106">
     <span class='ocr_line' id='line_1_19' title="bbox 648 2047 717 2106; baseline -0.029 0"><span class='ocrx_word' id='word_1_109' title='bbox 648 2047 717 2106; x_wconf 87' lang='grc'><strong>116.</strong></span> 
     </span>
    </p>
   </div>
   <div class='ocr_carea' id='block_1_6' title="bbox 200 2141 1184 2814">
    <p class='ocr_par' dir='ltr' id='par_1_10' title="bbox 200 2141 1165 2313">
     <span class='ocr_line' id='line_1_20' title="bbox 243 2141 1165 2227; baseline 0.005 -23"><span class='ocrx_word' id='word_1_110' title='bbox 243 2141 355 2220; x_wconf 89' lang='lat' dir='ltr'>David,</span> <span class='ocrx_word' id='word_1_111' title='bbox 369 2153 405 2207; x_wconf 91' lang='lat' dir='ltr'>ut</span> <span class='ocrx_word' id='word_1_112' title='bbox 419 2144 496 2208; x_wconf 91' lang='lat' dir='ltr'>vidit</span> <span class='ocrx_word' id='word_1_113' title='bbox 517 2143 751 2227; x_wconf 88' lang='lat' dir='ltr'>implacabilem</span> <span class='ocrx_word' id='word_1_114' title='bbox 772 2167 840 2208; x_wconf 86' lang='lat' dir='ltr'>esse</span> <span class='ocrx_word' id='word_1_115' title='bbox 864 2145 967 2208; x_wconf 77' lang='lat' dir='ltr'>Saulis</span> <span class='ocrx_word' id='word_1_116' title='bbox 989 2145 1021 2208; x_wconf 92' lang='lat' dir='ltr'>in</span> <span class='ocrx_word' id='word_1_117' title='bbox 1040 2167 1073 2208; x_wconf 87' lang='lat' dir='ltr'>se</span> <span class='ocrx_word' id='word_1_118' title='bbox 1096 2147 1165 2210; x_wconf 87' lang='lat' dir='ltr'>ani-</span> 
     </span>
     <span class='ocr_line' id='line_1_21' title="bbox 200 2228 918 2313; baseline 0.004 -25"><span class='ocrx_word' id='word_1_119' title='bbox 200 2247 296 2303; x_wconf 90' lang='lat' dir='ltr'>mum,</span> <span class='ocrx_word' id='word_1_120' title='bbox 310 2228 445 2292; x_wconf 84' lang='lat' dir='ltr'>excessit</span> <span class='ocrx_word' id='word_1_121' title='bbox 459 2228 540 2304; x_wconf 72' lang='lat' dir='ltr'>uult,</span> <span class='ocrx_word' id='word_1_122' title='bbox 555 2240 588 2292; x_wconf 89' lang='lat' dir='ltr'>et</span> <span class='ocrx_word' id='word_1_123' title='bbox 602 2229 801 2292; x_wconf 89' lang='lat' dir='ltr'>solitudinem</span> <span class='ocrx_word' id='word_1_124' title='bbox 817 2230 918 2313; x_wconf 91' lang='lat' dir='ltr'>petiit.</span> 
     </span>
    </p>

    <p class='ocr_par' dir='ltr' id='par_1_11' title="bbox 201 2311 1164 2544">
     <span class='ocr_line' id='line_1_22' title="bbox 245 2311 1164 2398; baseline 0.003 -24"><span class='ocrx_word' id='word_1_125' title='bbox 245 2311 320 2376; x_wconf 84' lang='lat' dir='ltr'>Saiil</span> <span class='ocrx_word' id='word_1_126' title='bbox 343 2311 431 2375; x_wconf 92' lang='lat' dir='ltr'>illum</span> <span class='ocrx_word' id='word_1_127' title='bbox 452 2324 635 2398; x_wconf 90' lang='lat' dir='ltr'>persecutus</span> <span class='ocrx_word' id='word_1_128' title='bbox 656 2325 722 2393; x_wconf 88' lang='lat' dir='ltr'>est;</span> <span class='ocrx_word' id='word_1_129' title='bbox 743 2325 785 2391; x_wconf 88' lang='lat' dir='ltr'>at,</span> <span class='ocrx_word' id='word_1_130' title='bbox 810 2316 880 2379; x_wconf 86' lang='lat' dir='ltr'>Deo</span> <span class='ocrx_word' id='word_1_131' title='bbox 902 2315 1036 2392; x_wconf 80' lang='lat' dir='ltr'>favente,</span> <span class='ocrx_word' id='word_1_132' title='bbox 1061 2315 1164 2378; x_wconf 90' lang='lat' dir='ltr'>David</span> 
     </span>
     <span class='ocr_line' id='line_1_23' title="bbox 201 2393 1161 2493; baseline 0.004 -35"><span class='ocrx_word' id='word_1_133' title='bbox 201 2393 319 2493; x_wconf 80' lang='lat' dir='ltr'>inimici</span> <span class='ocrx_word' id='word_1_134' title='bbox 338 2417 448 2461; x_wconf 87' lang='lat' dir='ltr'>manus</span> <span class='ocrx_word' id='word_1_135' title='bbox 462 2398 583 2481; x_wconf 83' lang='lat' dir='ltr'>effugit,</span> <span class='ocrx_word' id='word_1_136' title='bbox 609 2409 642 2462; x_wconf 90' lang='lat' dir='ltr'>et</span> <span class='ocrx_word' id='word_1_137' title='bbox 664 2399 729 2482; x_wconf 86' lang='lat' dir='ltr'>ipse</span> <span class='ocrx_word' id='word_1_138' title='bbox 746 2400 848 2462; x_wconf 81' lang='lat' dir='ltr'>Sutilis</span> <span class='ocrx_word' id='word_1_139' title='bbox 862 2399 957 2462; x_wconf 92' lang='lat' dir='ltr'>vitam</span> <span class='ocrx_word' id='word_1_140' title='bbox 979 2421 1042 2462; x_wconf 90' lang='lat' dir='ltr'>non</span> <span class='ocrx_word' id='word_1_141' title='bbox 1065 2399 1161 2462; x_wconf 77' lang='lat' dir='ltr'>semel</span> 
     </span>
     <span class='ocr_line' id='line_1_24' title="bbox 201 2492 344 2544; baseline 0.021 -3"><span class='ocrx_word' id='word_1_142' title='bbox 201 2492 344 2544; x_wconf 84' lang='lat' dir='ltr'>servavit.</span> 
     </span>
    </p>

    <p class='ocr_par' dir='ltr' id='par_1_12' title="bbox 200 2556 1184 2732">
     <span class='ocr_line' id='line_1_25' title="bbox 244 2556 1158 2649; baseline -0.001 -23"><span class='ocrx_word' id='word_1_143' title='bbox 244 2565 319 2627; x_wconf 88' lang='lat' dir='ltr'>Erat</span> <span class='ocrx_word' id='word_1_144' title='bbox 333 2565 365 2626; x_wconf 94' lang='lat' dir='ltr'>in</span> <span class='ocrx_word' id='word_1_145' title='bbox 386 2567 510 2630; x_wconf 87' lang='lat' dir='ltr'>deserto</span> <span class='ocrx_word' id='word_1_146' title='bbox 532 2567 683 2649; x_wconf 88' lang='lat' dir='ltr'>spelunca</span> <span class='ocrx_word' id='word_1_147' title='bbox 708 2579 795 2631; x_wconf 88' lang='lat' dir='ltr'>vasto</span> <span class='ocrx_word' id='word_1_148' title='bbox 820 2591 943 2632; x_wconf 89' lang='lat' dir='ltr'>recessu</span> <span class='ocrx_word' id='word_1_149' title='bbox 968 2578 1093 2645; x_wconf 80' lang='lat' dir='ltr'>patens:</span> <span class='ocrx_word' id='word_1_150' title='bbox 1114 2556 1158 2620; x_wconf 80' lang='lat' dir='ltr'>ibi</span> 
     </span>
     <span class='ocr_line' id='line_1_26' title="bbox 200 2645 1184 2732; baseline -0.01 -22"><span class='ocrx_word' id='word_1_151' title='bbox 200 2647 302 2710; x_wconf 90' lang='lat' dir='ltr'>David</span> <span class='ocrx_word' id='word_1_152' title='bbox 317 2667 389 2710; x_wconf 88' lang='lat' dir='ltr'>cum</span> <span class='ocrx_word' id='word_1_153' title='bbox 404 2650 467 2710; x_wconf 90' lang='lat' dir='ltr'>suis</span> <span class='ocrx_word' id='word_1_154' title='bbox 478 2653 646 2715; x_wconf 89' lang='lat' dir='ltr'>comitibus</span> <span class='ocrx_word' id='word_1_155' title='bbox 660 2654 692 2713; x_wconf 93' lang='lat' dir='ltr'>in</span> <span class='ocrx_word' id='word_1_156' title='bbox 706 2653 851 2714; x_wconf 89' lang='lat' dir='ltr'>interiore</span> <span class='ocrx_word' id='word_1_157' title='bbox 867 2664 952 2732; x_wconf 88' lang='lat' dir='ltr'>parte</span> <span class='ocrx_word' id='word_1_158' title='bbox 967 2645 1095 2704; x_wconf 87' lang='lat' dir='ltr'>latebat.</span> <span class='ocrx_word' id='word_1_159' title='bbox 1177 2713 1184 2726; x_wconf 88' lang='lat'>.</span> 
     </span>
    </p>

    <p class='ocr_par' dir='ltr' id='par_1_13' title="bbox 243 2730 1157 2814">
     <span class='ocr_line' id='line_1_27' title="bbox 243 2730 1157 2814; baseline 0 -22"><span class='ocrx_word' id='word_1_160' title='bbox 243 2730 335 2792; x_wconf 74' lang='lat' dir='ltr'>Forte</span> <span class='ocrx_word' id='word_1_161' title='bbox 362 2732 437 2793; x_wconf 87' lang='lat' dir='ltr'>Saiil</span> <span class='ocrx_word' id='word_1_162' title='bbox 459 2733 543 2794; x_wconf 90' lang='lat' dir='ltr'>solus</span> <span class='ocrx_word' id='word_1_163' title='bbox 562 2736 595 2797; x_wconf 93' lang='lat' dir='ltr'>in</span> <span class='ocrx_word' id='word_1_164' title='bbox 610 2735 695 2796; x_wconf 91' lang='lat' dir='ltr'>illam</span> <span class='ocrx_word' id='word_1_165' title='bbox 718 2735 897 2814; x_wconf 88' lang='lat' dir='ltr'>speluncam</span> <span class='ocrx_word' id='word_1_166' title='bbox 923 2731 1077 2800; x_wconf 76' lang='lat' dir='ltr'>ingressus</span> <span class='ocrx_word' id='word_1_167' title='bbox 1099 2731 1157 2797; x_wconf 76' lang='lat' dir='ltr'>est,</span> 
     </span>
    </p>
   </div>
   <div class='ocr_carea' id='block_1_7' title="bbox 199 2801 1156 2963">
    <p class='ocr_par' dir='ltr' id='par_1_14' title="bbox 199 2801 1156 2963">
     <span class='ocr_line' id='line_1_28' title="bbox 199 2801 1012 2899; baseline -0.025 -24"><span class='ocrx_word' id='word_1_168' title='bbox 199 2833 260 2875; x_wconf 87' lang='lat' dir='ltr'>nec</span> <span class='ocrx_word' id='word_1_169' title='bbox 276 2813 409 2877; x_wconf 86' lang='lat' dir='ltr'>latentes</span> <span class='ocrx_word' id='word_1_170' title='bbox 422 2815 509 2892; x_wconf 87' lang='lat' dir='ltr'>vidit,</span> <span class='ocrx_word' id='word_1_171' title='bbox 524 2836 751 2899; x_wconf 88' lang='lat' dir='ltr'>oppressusque</span> <span class='ocrx_word' id='word_1_172' title='bbox 766 2827 873 2874; x_wconf 85' lang='lat' dir='ltr'>somno</span> <span class='ocrx_word' id='word_1_173' title='bbox 887 2801 1012 2879; x_wconf 88' lang='lat' dir='ltr'>quievit.</span> 
     </span>
     <span class='ocr_line' id='line_1_29' title="bbox 244 2889 1156 2963; baseline -0.02 -4"><span class='ocrx_word' id='word_1_174' title='bbox 244 2897 300 2960; x_wconf 83' lang='lat' dir='ltr'>sui</span> <span class='ocrx_word' id='word_1_175' title='bbox 332 2899 496 2962; x_wconf 86' lang='lat' dir='ltr'>Davidem&#39;</span> <span class='ocrx_word' id='word_1_176' title='bbox 513 2902 644 2963; x_wconf 89' lang='lat' dir='ltr'>comites</span> <span class='ocrx_word' id='word_1_177' title='bbox 673 2897 872 2960; x_wconf 87' lang='lat' dir='ltr'>hortabantur</span> <span class='ocrx_word' id='word_1_178' title='bbox 893 2892 927 2941; x_wconf 92' lang='lat' dir='ltr'>ut</span> <span class='ocrx_word' id='word_1_179' title='bbox 949 2889 1156 2960; x_wconf 85' lang='lat' dir='ltr'>opportunam</span> 
     </span>
    </p>
   </div>
   <div class='ocr_carea' id='block_1_8' title="bbox 199 2963 1157 3148">
    <p class='ocr_par' dir='ltr' id='par_1_15' title="bbox 199 2963 1157 3148">
     <span class='ocr_line' id='line_1_30' title="bbox 201 2963 1157 3064; baseline -0.018 -20"><span class='ocrx_word' id='word_1_180' title='bbox 201 2981 302 3046; x_wconf 84' lang='lat' dir='ltr'>Saiilis</span> <span class='ocrx_word' id='word_1_181' title='bbox 326 2983 532 3047; x_wconf 88' lang='lat' dir='ltr'>interficiendi</span> <span class='ocrx_word' id='word_1_182' title='bbox 557 2983 752 3048; x_wconf 87' lang='lat' dir='ltr'>occasionem</span> <span class='ocrx_word' id='word_1_183' title='bbox 777 2967 946 3064; x_wconf 65' lang='lat' dir='ltr'>arriperet-3</span> <span class='ocrx_word' id='word_1_184' title='bbox 977 2964 1032 3026; x_wconf 90' lang='lat' dir='ltr'>sed</span> <span class='ocrx_word' id='word_1_185' title='bbox 1055 2963 1157 3027; x_wconf 90' lang='lat' dir='ltr'>David</span> 
     </span>
     <span class='ocr_line' id='line_1_31' title="bbox 199 3049 1034 3148; baseline -0.019 -22"><span class='ocrx_word' id='word_1_186' title='bbox 199 3065 309 3140; x_wconf 92' lang='lat' dir='ltr'>noluit,</span> <span class='ocrx_word' id='word_1_187' title='bbox 324 3087 421 3145; x_wconf 90' lang='lat' dir='ltr'>quum</span> <span class='ocrx_word' id='word_1_188' title='bbox 436 3069 560 3148; x_wconf 73' lang='lat' dir='ltr'>impune</span> <span class='ocrx_word' id='word_1_189' title='bbox 576 3075 689 3146; x_wconf 88' lang='lat' dir='ltr'>posset,</span> <span class='ocrx_word' id='word_1_190' title='bbox 704 3057 862 3118; x_wconf 83' lang='lat' dir='ltr'>inimicum</span> <span class='ocrx_word' id='word_1_191' title='bbox 877 3049 1034 3112; x_wconf 86' lang='lat' dir='ltr'>occidere.</span> 
     </span>
    </p>
   </div>
   <div class='ocr_carea' id='block_1_9' title="bbox 647 3183 714 3236">
    <p class='ocr_par' dir='ltr' id='par_1_16' title="bbox 647 3183 714 3236">
     <span class='ocr_line' id='line_1_32' title="bbox 647 3183 714 3236; baseline -0.06 0"><span class='ocrx_word' id='word_1_192' title='bbox 647 3183 714 3236; x_wconf 85' lang='lat'>117.</span> 
     </span>
    </p>
   </div>
   <div class='ocr_carea' id='block_1_10' title="bbox 146 3271 1156 3702">
    <p class='ocr_par' dir='ltr' id='par_1_17' title="bbox 146 3271 1156 3702">
     <span class='ocr_line' id='line_1_33' title="bbox 243 3271 1155 3350; baseline -0.018 -2"><span class='ocrx_word' id='word_1_193' title='bbox 243 3285 365 3348; x_wconf 90' lang='lat' dir='ltr'>Motum</span> <span class='ocrx_word' id='word_1_194' title='bbox 385 3294 433 3346; x_wconf 90' lang='lat' dir='ltr'>est</span> <span class='ocrx_word' id='word_1_195' title='bbox 453 3302 555 3344; x_wconf 86' lang='lat' dir='ltr'>rursus</span> <span class='ocrx_word' id='word_1_196' title='bbox 569 3277 687 3340; x_wconf 90' lang='lat' dir='ltr'>bellum</span> <span class='ocrx_word' id='word_1_197' title='bbox 709 3293 781 3334; x_wconf 89' lang='lat' dir='ltr'>cum</span> <span class='ocrx_word' id='word_1_198' title='bbox 803 3271 987 3350; x_wconf 82' lang='lat' dir='ltr'>Philistaeis3</span> <span class='ocrx_word' id='word_1_199' title='bbox 1010 3272 1155 3334; x_wconf 87' lang='lat' dir='ltr'>adversus</span> 
     </span>
     <span class='ocr_line' id='line_1_34' title="bbox 199 3358 1091 3450; baseline -0.024 -19"><span class='ocrx_word' id='word_1_200' title='bbox 199 3392 278 3450; x_wconf 89' lang='lat' dir='ltr'>quos</span> <span class='ocrx_word' id='word_1_201' title='bbox 294 3369 367 3432; x_wconf 85' lang='lat' dir='ltr'>Saiil</span> <span class='ocrx_word' id='word_1_202' title='bbox 382 3363 608 3430; x_wconf 88' lang='lat' dir='ltr'>cumexercitu</span> <span class='ocrx_word' id='word_1_203' title='bbox 622 3358 785 3441; x_wconf 86' lang='lat' dir='ltr'>processit.</span> <span class='ocrx_word' id='word_1_204' title='bbox 993 3440 998 3450; x_wconf 27' lang='grc' dir='ltr'><strong><em>Ι</em></strong></span> <span class='ocrx_word' id='word_1_205' title='bbox 1085 3439 1091 3450; x_wconf 32' lang='lat'><em>¹</em></span> 
     </span>
     <span class='ocr_line' id='line_1_35' title="bbox 242 3439 1155 3534; baseline -0.018 -19"><span class='ocrx_word' id='word_1_206' title='bbox 242 3453 414 3517; x_wconf 72' lang='lat' dir='ltr'>Commissa</span> <span class='ocrx_word' id='word_1_207' title='bbox 428 3448 541 3534; x_wconf 72' lang='lat' dir='ltr'>pugni,</span> <span class='ocrx_word' id='word_1_208' title='bbox 556 3444 685 3508; x_wconf 85' lang='lat' dir='ltr'>Hebraei</span> <span class='ocrx_word' id='word_1_209' title='bbox 701 3442 759 3506; x_wconf 89' lang='lat' dir='ltr'>fusi</span> <span class='ocrx_word' id='word_1_210' title='bbox 775 3451 846 3504; x_wconf 84' lang='lat' dir='ltr'>sunt</span> <span class='ocrx_word' id='word_1_211' title='bbox 859 3464 866 3502; x_wconf 74' lang='grc' dir='ltr'><strong>ι</strong></span> <span class='ocrx_word' id='word_1_212' title='bbox 881 3451 942 3503; x_wconf 89' lang='lat' dir='ltr'>tres</span> <span class='ocrx_word' id='word_1_213' title='bbox 958 3439 1012 3502; x_wconf 86' lang='lat' dir='ltr'>fihi</span> <span class='ocrx_word' id='word_1_214' title='bbox 1027 3460 1109 3522; x_wconf 84' lang='lat' dir='ltr'>regis</span> <span class='ocrx_word' id='word_1_215' title='bbox 1123 3459 1155 3500; x_wconf 91' lang='lat' dir='ltr'>1n</span> 
     </span>
     <span class='ocr_line' id='line_1_36' title="bbox 200 3536 477 3600; baseline 0.004 -4"><span class='ocrx_word' id='word_1_216' title='bbox 200 3536 269 3597; x_wconf 86' lang='lat' dir='ltr'>acie</span> <span class='ocrx_word' id='word_1_217' title='bbox 285 3539 477 3600; x_wconf 87' lang='lat' dir='ltr'>ceciderunt.</span> 
     </span>
     <span class='ocr_line' id='line_1_37' title="bbox 146 3608 1156 3702; baseline -0.014 -20"><span class='ocrx_word' id='word_1_218' title='bbox 146 3663 152 3672; x_wconf 78' lang='lat'><em>.</em></span> <span class='ocrx_word' id='word_1_219' title='bbox 203 3647 208 3656; x_wconf 59' lang='lat'><strong>⁴</strong></span> <span class='ocrx_word' id='word_1_220' title='bbox 242 3619 318 3680; x_wconf 79' lang='lat' dir='ltr'>Sai&#39;rl</span> <span class='ocrx_word' id='word_1_221' title='bbox 341 3621 407 3702; x_wconf 89' lang='lat' dir='ltr'>ipse</span> <span class='ocrx_word' id='word_1_222' title='bbox 429 3641 467 3682; x_wconf 80' lang='lat' dir='ltr'>ex</span> <span class='ocrx_word' id='word_1_223' title='bbox 488 3637 571 3697; x_wconf 88' lang='lat' dir='ltr'>equo</span> <span class='ocrx_word' id='word_1_224' title='bbox 591 3613 746 3696; x_wconf 87' lang='lat' dir='ltr'>delapsus,</span> <span class='ocrx_word' id='word_1_225' title='bbox 761 3633 800 3674; x_wconf 92' lang='lat' dir='ltr'>ne</span> <span class='ocrx_word' id='word_1_226' title='bbox 822 3609 908 3672; x_wconf 92' lang='lat' dir='ltr'>vivus</span> <span class='ocrx_word' id='word_1_227' title='bbox 923 3608 954 3672; x_wconf 93' lang='lat' dir='ltr'>in</span> <span class='ocrx_word' id='word_1_228' title='bbox 970 3614 1156 3690; x_wconf 88' lang='lat' dir='ltr'>potestatem</span> 
     </span>
    </p>
   </div>
   <div class='ocr_carea' id='block_1_11' title="bbox 0 0 1290 4180">
    <p class='ocr_par' dir='ltr' id='par_1_18' title="bbox 0 0 1290 4180">
     <span class='ocr_line' id='line_1_38' title="bbox 0 0 1290 4180; baseline 0 0"><span class='ocrx_word' id='word_1_229' title='bbox 0 0 1290 4180; x_wconf 95' lang='lat' dir='ltr'> </span> 
     </span>
    </p>
   </div>
  </div>
 </body>
</html>
