2570 4180
655 313 710 420 64,

203 491 250 564 illi
271 513 381 558 manus
402 493 553 556 violentas
575 491 696 568 inferre,
722 491 777 553 sed
797 489 958 553 nunciavit
978 487 1159 586 Joabo,·qui
1258 513 1260 538 ι

203 599 276 642 eum
308 577 482 660 increpans,
514 575 677 652 debueras,
709 574 818 654 inquit,
847 573 995 656 juvenem
1029 573 1160 656 impium

204 659 529 826 codiodidieicspondit
542 741 606 819 ille,
618 763 670 805 me
691 748 853 824 praesente,
868 761 921 802 rex
935 740 1087 822 praecepit
1100 739 1160 802 tibi

204 836 239 890 ut
253 826 387 888 filiosuo
401 845 554 908 parceres.

247 909 274 972 Ε
296 909 401 972 overd
416 927 478 970 non
501 929 637 990 parcan,
658 907 703 970 ait
722 907 849 983 Joabus,
864 915 896 970 et
910 905 1014 968 statim
1028 906 1160 986 sumpsit

204 1001 265 1056 tres
273 930 416 1069 lanceas,
430 1012 508 1073 quas
522 992 554 1054 in
568 1002 677 1074 pectus
691 989 857 1054 Absalonis
870 989 987 1051 defixit.

246 1076 356 1146 Quum
377 1073 518 1138 Absalon
540 1074 642 1138 adhuc
657 1074 822 1156 palpitaret
836 1072 956 1135 haercns
975 1072 1007 1134 in
1029 1091 1158 1152 quercu,
1259 1109 1260 1134 l

204 1158 348 1243 armigeri
375 1157 468 1222 Joabi
492 1158 631 1240 repetitis
656 1157 770 1220 ictibus
794 1155 972 1218 confosstun
993 1155 1158 1218 intereme-
1259 1179 1260 1196 ι

204 1252 285 1306 nint

648 1328 717 1386 128.

247 1421 359 1484 Stabat
385 1421 504 1485 interea
531 1422 630 1485 David
652 1422 692 1484 ad
724 1431 845 1504 portam
873 1421 967 1497 urbis,
989 1430 1161 1503 expectans

202 1514 348 1568 eventum
362 1525 487 1589 pugnae,
502 1515 535 1568 et
547 1506 677 1568 maximi
692 1505 732 1567 de
747 1505 802 1567 lilii
817 1504 914 1567 salute
929 1504 1078 1567 solicitus.

246 1588 356 1658 Quum
369 1589 415 1652 illi
436 1589 617 1652 nunciatum
638 1600 720 1652 esset
740 1588 918 1670 profligatos
939 1587 1044 1650 hostes
1064 1597 1097 1650 et
1111 1587 1160 1649 iu-

203 1672 368 1736 terfectum
381 1693 450 1737 essa
471 1672 672 1750 Absalonem,
686 1693 749 1735 non
770 1671 862 1734 modo
877 1691 940 1733 non
964 1669 1088 1733 laetatus
1109 1681 1161 1734 est

202 1755 243 1819 de
258 1756 387 1820 victorii
407 1777 501 1838 quam
524 1766 742 1838 reportaverat,
765 1755 820 1818 sed
843 1754 1011 1818 maximum
1032 1774 1159 1836 quoque

202 1838 343 1900 dolorem
355 1839 443 1919 cepit
455 1858 494 1901 cx
506 1849 607 1901 morte
622 1838 687 1900 tilii.

245 1918 464 1982 Inambulabat
485 1919 517 1982 in
538 1920 703 1982 coenaculo
726 1941 870 1998 moerens,
884 1929 918 1983 et
931 1920 963 1983 in
984 1919 1041 1983 has
1061 1941 1159 1984 voces

202 1999 371 2064 identidem
385 2021 569 2082 erumpens:
591 2003 634 2064 fili
657 2003 699 2065 mi
713 2003 863 2082 Absalon,
878 2003 1019 2067 Absalon
1033 2003 1076 2068 fili
1090 2003 1133 2066 mi
1146 2005 1157 2066 l

201 2083 320 2147 utinam
334 2104 391 2168 pro
404 2093 436 2148 te
450 2083 587 2161 morirer,
602 2085 741 2149 Absalon
756 2086 799 2149 fili
813 2088 866 2166 mi,
881 2087 982 2152 filimi
996 2087 1157 2150 Absalon!

244 2283 346 2350 Multa
359 2277 615 2370 deinceps'bella
637 2191 738 2350 11)ἰίἰά
762 2289 904 2371 prosperi
926 2287 1025 2372 gessit
1046 2297 1158 2352 contra

88 2441 89 2445 ,
201 2369 386 2450 Philistaeos,
399 2371 552 2452 rebusque
568 2369 640 2433 soris
655 2381 689 2435 et
701 2372 785 2434 dorni
799 2373 989 2456 compositis,
1003 2371 1156 2454 reliquum

200 2455 274 2519 vitae
289 2466 411 2539 tempus
424 2455 457 2518 in
472 2453 592 2518 florenti
607 2475 687 2537 pace
701 2455 817 2540 exegit.

243 2539 352 2606 Quum
366 2548 449 2601 esset
462 2537 600 2600 extremis
613 2549 774 2602 senectute
788 2548 822 2601 et
835 2538 954 2602 infirmit
966 2537 1155 2614 valetudine,

201 2618 402 2682 Salomonem
416 2619 574 2680 haeredem
587 2621 676 2700 regni
691 2621 862 2683 constituit.

243 2701 284 2773 Is,
299 2720 450 2761 asumma
465 2701 627 2762 sacerdote
652 2711 773 2775 unctus,
788 2702 858 2761 vivo
871 2701 974 2762 adhuc
989 2711 1087 2780 patre,
1101 2724 1156 2766 rex

201 2780 374 2864 appellatus
388 2792 445 2844 est.

243 2865 353 2944 David,
425 2875 532 2946 tquam
554 2863 618 2929 filio
639 2863 775 2926 dedisset
796 2869 956 2943 praecepta
979 2880 1077 2943 regno
1099 2865 1154 2924 ad-

200 2950 402 3014 ministrando
417 2949 588 3026 utilissima,
602 2948 687 3011 diem
702 2963 879 3028 supremum
892 2942 981 3007 obiit.

641 3053 710 3110 130.

242 3149 405 3232 Diligebat
419 3149 505 3212 Deus
527 3147 744 3212 Salomonem:
766 3149 795 3211 ci
810 3169 866 3230 per
880 3148 1017 3229 quietem
1031 3149 1152 3214 adstare
1259 3155 1260 3162 ’

200 3235 282 3300 visus
295 3243 352 3309 est,
366 3231 514 3311 deditque
529 3231 687 3314 optionem
701 3231 838 3314 eligendi
853 3232 1003 3313 quidquid
1016 3232 1120 3296 vellet.

244 3317 391 3383 Salomon
405 3334 467 3378 non
482 3313 566 3376 aliud
588 3313 646 3376 sibi
668 3315 735 3377 dari
757 3317 910 3397 poposcit,
925 3317 1017 3397 quam
1032 3318 1152 3400 sapien·

201 3403 287 3482 tiam,
301 3401 420 3482 reliqua
432 3397 537 3462 omma
550 3398 634 3479 parvi
650 3399 815 3462 aestimans.

242 3487 326 3554 Quae
349 3507 397 3548 res
419 3483 463 3546 ita
483 3482 552 3544 Deo
567 3481 695 3562 placuit,
709 3493 744 3545 ut
757 3483 802 3544 illi
817 3483 884 3564 plus
899 3483 1040 3546 tribuerit
1061 3485 1151 3564 quim

199 3578 327 3649 rogatus
341 3568 460 3645 fucrat3
482 3587 553 3630 nam
565 3565 727 3647 Salomoni
743 3566 886 3629 eximiam
900 3567 1083 3650 sapientiam
1096 3567 1151 3632 im-
