2570 4180
465 747 588 806 ΞΛΜ
615 745 850 806 smne.

322 1130 686 1210 HISTORIAE
744 1129 999 1208 SACRAE.
1061 1118 1067 1132 ¹

637 1409 665 1464 l.

225 1501 314 1564 Deus
329 1503 446 1566 creavit
459 1501 621 1565 ooelum'et
634 1511 746 1563 terram
761 1501 841 1563 intre
855 1521 907 1562 sex
921 1501 999 1562 dies.

225 1584 328 1649 Primo
349 1587 400 1649 die
422 1587 498 1649 fecit
519 1586 633 1648 iucem.
692 1585 839 1648 Secundo
859 1583 910 1646 die
934 1582 1010 1644 iecit
1031 1583 1135 1646 firma·

181 1679 331 1753 mentum,
346 1671 430 1749 quod
443 1667 565 1731 vocavit
578 1669 704 1730 coelum.

224 1751 334 1815 Tertio
356 1754 406 1815 die
429 1752 534 1834 coegit
548 1772 644 1830 aquas
666 1753 698 1812 in
719 1770 816 1811 unum
837 1747 952 1824 locum,
974 1756 1007 1810 et
1027 1747 1133 1811 eduxit

181 1853 200 1893 e
215 1835 295 1895 terra
311 1835 432 1914 plantas
446 1846 478 1895 et
493 1835 627 1895 arbores.

223 1915 348 1981 Quarto
362 1917 413 1976 die
429 1916 503 1976 fecit
515 1913 612 1975 solem
626 1925 659 1976 et
671 1915 775 1975 lunam
791 1924 824 1975 et
838 1913 953 1974 stellas.

123 2069 130 2074 ,
223 1996 346 2091 Quinto
367 1998 417 2059 die
443 2018 515 2058 aves
536 2017 605 2076 quae
621 1996 771 2058 volitant
764 2017 796 2057 m
811 2000 892 2071 ae're,
906 2005 939 2059 et
953 1993 1057 2078 pisces
1079 2001 1132 2076 qul

180 2087 289 2140 natant
303 2079 335 2141 in
350 2080 448 2160 aquis.

223 2161 320 2223 Sexto
334 2163 384 2224 die
402 2161 476 2224 fecit
489 2161 594 2223 omnio
607 2161 785 2237 animantia,
795 2162 950 2244 postremo
964 2160 1131 2236 hominem,

180 2251 213 2302 et
227 2243 345 2322 quievit
358 2246 409 2308 die
424 2245 566 2326 septimo.

638 2370 670 2427 2.

221 2462 308 2526 Deus
324 2467 411 2530 finxit
430 2487 542 2548 corpus
564 2465 695 2528 hominis
716 2484 735 2526 e
757 2462 831 2525 limo
853 2473 953 2538 teme,
974 2462 1063 2526 dedit
1086 2463 1131 2526 illi

179 2544 314 2607 animam
336 2551 498 2623 viventem,
513 2548 588 2609 feeit
610 2549 698 2609 illum
719 2548 759 2608 ad
780 2545 1013 2608 similitudinem
1034 2567 1130 2622 suum,

178 2634 211 2683 et
225 2628 397 2689 nominavit
411 2595 498 2689 illuni
512 2631 678 2714 Adamum.

220 2703 344 2767 Deinde
376 2710 501 2799 immisit
528 2706 671 2786 soporem
699 2709 731 2768 in
759 2709 924 2781 Adamum,
946 2717 979 2768 et
999 2709 1132 2770 detraxit
1166 2715 1171 2720 '

179 2803 273 2842 unam
287 2806 306 2846 e
322 2790 417 2850 costis
431 2788 497 2869 ejus
510 2789 700 2849 dormientis.

220 2863 266 2923 Ex
281 2869 321 2928 ea
335 2869 476 2931 fonnavit
495 2869 655 2929 mulierem
677 2888 771 2947 quam
795 2866 882 2927 dedit
906 2867 1024 2930 sociam
1046 2871 1131 2934 Ada-

176 2963 237 3017 m0,
253 2946 362 3027 sicque
378 2951 508 3014 instituit
521 2949 759 3011 matrimonium.

220 3025 347 3092 Nomen
362 3034 468 3113 primae
483 3032 618 3093 mulieris
633 3032 691 3207 ignit
704 3031 780 3092 Eva

169 3243 172 3248 “
217 3239 305 3303 Deus
326 3246 431 3324 posuit
455 3246 608 3306 Adamum
622 3256 655 3306 et
641 3153 798 3307 3Evam
790 3265 822 3306 m
811 3193 935 3311 horto
960 3251 1129 3314 amoenissi-

174 3341 235 3395 mo,
251 3325 304 3402 qui
320 3328 401 3396 solet
414 3327 563 3408 appellari
578 3327 740 3390 Paradisus
756 3330 914 3392 terrestris.

108 3439 126 3498 3
217 3367 277 3462 ino
255 3426 335 3484 gens
358 3411 468 3472 fluvius
490 3409 639 3489 irrigabat
659 3409 801 3474 hortum:
834 3425 922 3477 erant
952 3413 996 3476 ibi
1021 3436 1127 3479 omnes

127 3497 131 3504 ·
167 3457 300 3546 -arbores
319 3490 469 3569 jucundae
498 3503 637 3571 aspectu,
673 3505 705 3557 et
736 3496 853 3558 fructus
885 3507 978 3581 gustu
1009 3519 1126 3562 sueves.

173 3562 258 3624 inter
273 3586 328 3629 ees
343 3576 435 3637 arbor
449 3575 588 3637 soientiae
603 3577 678 3639 boni
693 3589 726 3641 et
738 3579 822 3641 moli.
