2590 4194
485 383 604 427 aarum
626 385 818 442 comodum.
1074 371 1134 435 123

209 527 265 593 At.
287 528 340 592 Tu
353 530 400 593 sao
414 531 520 594 dextro
533 532 685 595 Mercurio
698 533 821 596 seiioiter
833 551 967 596 marcere
976 531 1131 596 uiremem.

167 608 235 694 Ego
249 635 308 676 nou
323 627 353 676 te
367 617 533 680 remorahor
547 617 689 678 dimitis.-
709 615 791 680 Oreo
804 617 902 688 letum
918 614 1046 678 adseram
1059 637 1133 680 nuu-

165 695 253 758 oium.
299 697 361 760 Sed
374 698 459 775 heus,
473 700 557 776 heus,
573 699 713 762 Charon!

114 791 119 800 ’
214 777 265 842 ct.
290 780 373 854 Quid
388 784 453 845 est?

208 861 265 926 ΑΙ.
288 864 351 926 Fac
366 880 491 927 matures
505 866 642 943 reditum,
657 887 695 928 ne
709 879 739 928 te
753 887 823 930 mox
837 867 940 932 obruat
952 869 1070 932 urba,
1199 867 1202 874 ’

72 1017 74 1021 ,
213 943 265 1009 Gt.
289 945 354 1010 lmo
363 947 425 1031 jam
440 950 505 1032 plus
520 949 608 1032 quiam
623 950 750 1011 ducenta
764 951 851 1012 miliia
863 951 995 1014 offendes
1008 952 1038 1014 iu
1056 951 1131 1035 ripi,

165 1043 271 1112 preter
286 1030 347 1093 illas
362 1053 426 1114 quae
437 1046 536 1093 natant
546 1033 574 1093 iu
586 1033 702 1114 palude.
747 1033 1026 1115 Properabdtameu
1037 1055 1130 1120 quau·
1162 1076 1165 1085 ι

163 1113 229 1176 tirm
242 1114 359 1178 licebit:
384 1114 431 1177 dio
445 1114 500 1177 illis
514 1136 562 1177 me
577 1137 648 1178 mox
664 1114 839 1178 adfuturum.

566 1361 651 1415 coL.
674 1361 723 1415 VI.
810 1379 816 1388 ·

447 1502 640 1557 wermuda,
655 1500 847 1541 PHILYPNUS.

206 1601 384 1688 Nephelius.
408 1604 507 1668 Hodie
517 1620 547 1668 te
561 1619 737 1669 conventum
750 1606 896 1682 volebam,
906 1603 1062 1688 Philypue,
1076 1605 1129 1668 sed

162 1709 201 1750 ue
222 1689 314 1750 abaris
328 1709 393 1751 esse
404 1689 494 1749 domi.
548 1756 557 1771 α
1107 1743 1110 1750 .

239 1770 384 1856 iilyprtus.
408 1771 479 1834 Nou
492 1772 611 1835 omuino
624 1772 735 1836 mentiti
754 1785 839 1834 sunt:
861 1767 910 1834 uti
932 1769 1051 1854 quidem
1071 1789 1130 1834 non

130 1874 256 1934 feram,
270 1856 322 1916 sed
336 1855 408 1916 mihi
422 1868 485 1917 tum
499 1875 580 1916 eram
594 1854 733 1917 maxime.
797 1858 806 1877 ⁶

204 1936 269 2000 Ne.
293 1937 374 2010 Quid
389 1938 483 2000 isthuc
499 1938 656 2020 enigmatis
670 1941 738 2001 est?

204 2017 267 2082 Ph.
290 2019 375 2082 Nosti
389 2021 459 2082 illud
471 2035 553 2082 vetus
563 2020 758 2117 proverbium,
768 2020 811 2083 N
806 2041 844 2082 rm
853 2020 984 2085 onmidrts
994 2021 1128 2100 110an

161 2122 218 2166 neo
232 2116 263 2166 te
277 2102 348 2187 fugit
361 2104 410 2166 ille
425 2101 540 2166 Nasioae
557 2125 642 2187 jocus
656 2103 704 2166 oui
717 2105 787 2166 oum
802 2103 932 2167 Ennium
958 2105 1127 2168 familiarem

149 2186 285 2254 ,invisere
300 2187 407 2249 volenti
420 2187 524 2249 ancssla
534 2185 616 2269 jussu
630 2187 692 2248 heri
707 2187 843 2270 negisset
855 2208 919 2249 esse
935 2188 1025 2264 dorni,
1038 2187 1128 2251 sensit

162 2267 280 2347 Nasica,
292 2283 323 2332 et
336 2269 487 2345 discevit3
508 2269 643 2331 oaeterirm
658 2270 706 2331 ubi
725 2271 850 2332 vicissim
868 2269 992 2346 Ennius,
1010 2270 1127 2332 Nasica

161 2351 282 2414 domum
297 2353 450 2435 ingressus,
464 2364 578 2434 rogaret
592 2371 714 2433 puerum
729 2374 799 2414 uum
820 2365 898 2414 esset
917 2352 1004 2427 intus,
1019 2351 1128 2414 Nasiea

161 2434 200 2496 de
221 2435 354 2499 conclavi
375 2435 521 2510 clamavit,
536 2455 606 2510 nou,
620 2434 762 2516 inquiens,
783 2456 849 2495 sum
870 2433 1127 2515 domi3oi1mque

162 2516 276 2581 Ennius
291 2517 386 2601 agniti
400 2539 474 2581 voce
495 2517 625 2592 dixisset,
639 2515 809 2613 Impudens,
830 2537 888 2578 nou
908 2528 938 2576 te
958 2517 1127 2598 loquentem

161 2604 309 2683 agnosco?
352 2601 417 2664 lmd
441 2616 485 2677 tu,
508 2600 599 2682 inquit
620 2599 740 2675 Nasrca,
762 2597 964 2682 impudentior,
986 2597 1036 2680 qui
1056 2597 1127 2659 mihi

161 2683 215 2766 ipsi
228 2685 317 2746 fidem
332 2705 390 2746 non
405 2684 524 2760 habeas,
537 2683 607 2746 edm
621 2703 677 2764 ego
690 2681 863 2746 crediderim
878 2681 987 2744 ancille
1002 2693 1068 2750 tute.

203 2767 267 2830 Ne.
290 2766 366 2829 Eras
380 2766 506 2829 fortassis
524 2765 699 2848 oooupatior.

205 2849 262 2913 Pt.
285 2849 351 2912 lmo
363 2850 492 2912 suaviter
505 2849 623 2910 otiosus.

201 2933 264 2996 Ne.
288 2934 419 2996 Rursum
435 2932 584 3014 enigmate
599 2945 725 3013 torques.

176 3032 178 3038 ·
207 3015 265 3078 Pr.
289 3017 396 3078 Dicam
425 3015 511 3098 igitur
536 3011 705 3096 explanate,
730 3033 787 3074 ueo
813 3011 890 3074 aliud
916 3011 1011 3074 dicam
1035 3013 1125 3076 doum

160 3099 248 3181 quim
262 3100 349 3160 ficum

168 3240 173 3252 „
202 3180 263 3244 Ne.
291 3181 361 3245 Dio.

202 3263 264 3328 Pt.
286 3265 391 3327 Altirm
412 3265 600 3328 dormiebam.

202 3347 264 3411 Ne.
288 3347 369 3419 Quid
390 3348 454 3410 ais?
477 3348 569 3429 Atqui
585 3348 648 3431 jam
666 3347 838 3430 preterierat
862 3359 976 3422 octava,
990 3344 1059 3408 oiun
1079 3344 1124 3408 sol

159 3434 217 3496 hoo
231 3451 332 3493 mense
346 3443 444 3512 surgat
457 3444 523 3491 aute
538 3443 678 3512 quartam.

202 3514 262 3578 Pt.
286 3513 347 3576 Per
360 3535 408 3575 me
424 3513 539 3597 quidem
563 3513 615 3575 soli
637 3514 759 3576 liberum
781 3525 826 3574 est
848 3512 897 3574 vel
919 3509 1018 3573 media
1037 3523 1123 3574 nocte

157 3619 288 3688 surgere,
311 3597 400 3664 modo
421 3597 491 3662 mihi
513 3595 600 3662 liceat
620 3597 659 3662 ed
683 3597 845 3660 satietatem
870 3614 962 3680 mque
988 3593 1111 3628 ³·“³··
