2590 4194
217 528 284 597 Qui
298 528 380 592 bene
394 529 478 606 vivit,
492 529 574 592 bene
588 530 735 606 nascitur,
750 529 831 592 bene
846 530 983 592 moritur.
1058 533 1060 538 ’

216 611 460 675 Pulcherrimum
474 613 645 674 nobilitatis
659 634 759 694 genus
782 624 838 690 est,
861 635 954 694 quam
973 613 1032 674 sibi
1048 614 1130 694 quis·
1196 611 1198 616 ’

174 715 235 776 que
250 696 383 778 propriis
397 697 560 757 virtutibus
575 696 734 757 conciliat.
1138 723 1145 734 ¹

216 778 347 846 Quanto
360 779 494 840 nobilior
508 801 551 854 es,
567 789 654 840 tanto
669 779 789 840 cautius
803 779 1026 860 turpitudinem
1049 779 1129 860 fugi-

173 870 227 922 to:
248 861 324 922 nihil
347 859 444 942 magis
466 873 657 942 posterorum
675 862 813 922 maculas
828 863 936 944 aperit,
951 863 1043 942 quam
1065 884 1129 924 ma·

169 943 271 1026 joram
285 943 430 1024 splendor
445 955 478 1006 et
491 945 600 1027 gloria.

216 1027 286 1110 Age
308 1027 427 1108 aliquid
451 1028 635 1109 praeclarum
659 1038 693 1089 et
720 1038 763 1103 tu,
788 1028 813 1089 si
835 1028 880 1089 vis
902 1049 970 1090 esse
993 1029 1125 1107 nobilis;

172 1110 303 1194 majores
319 1111 364 1173 tui
379 1112 472 1186 enim,
495 1112 553 1173 nisi
578 1111 695 1191 aliquid
716 1111 854 1192 egissent
875 1111 967 1173 laude
988 1111 1127 1192 dignum,

171 1214 331 1274 nunquam
344 1195 468 1257 nobiles
482 1195 621 1256 fuissent.

215 1277 318 1342 Satius
332 1288 388 1353 est,
413 1279 514 1358 iuquit
534 1278 656 1353 Cicero,
680 1277 758 1340 meis
772 1277 868 1360 gestis
891 1278 1011 1353 llorere,
1034 1277 1127 1358 quam

170 1359 320 1444 majorum
335 1361 416 1422 farnt
430 1361 485 1423 uti.

489 1467 803 1522 MAGNANIMITAS.

215 1551 303 1616 Nihil
327 1574 475 1638 magnum
495 1565 544 1616 est
564 1554 597 1615 in
613 1553 705 1616 rebus
720 1552 872 1630 humanis,
892 1553 951 1616 nisi
972 1574 1059 1616 mens
1080 1555 1127 1616 in-

171 1637 292 1719 trepida
306 1637 464 1720 periculis,
477 1637 560 1700 mitis
575 1637 607 1700 in
621 1637 725 1700 hostes
739 1636 888 1714 devictos,
903 1637 1011 1700 amieis
1026 1648 1126 1721 grata,

170 1721 292 1783 cunctis
306 1721 440 1802 denique
455 1721 618 1785 benevola.
1279 1791 1280 1804 χ

213 1803 432 1886 Magnanimus
446 1815 506 1867 stat
520 1815 623 1867 rectus
637 1807 695 1868 sub
716 1803 857 1887 quolibet
879 1804 1026 1886 pondere,
1040 1804 1126 1866 nulla
1219 1814 1222 1820 '

170 1885 257 1948 illum
271 1907 319 1948 res
333 1887 483 1948 minorem
498 1888 592 1950 facit:
615 1890 763 1970 quicquid
778 1889 891 1952 cadere
914 1888 946 1949 in
968 1887 1126 1952 homiuem

169 1978 282 2050 potest,
296 1969 328 2030 in
343 1990 376 2032 se
401 1970 552 2033 cecidisse
574 1993 637 2034 non
659 1974 817 2054 quesitum
838 1971 918 2040 vires
932 1991 1003 2033 suas
1016 1971 1101 2034 novit
1115 1995 1125 2051 3

169 2051 266 2114 vincit
279 2051 390 2115 virtute
405 2052 568 2117 fortunam.

212 2134 280 2197 Eris
293 2137 518 2220 magnanimus,
540 2139 565 2200 si
588 2139 728 2222 pericula
748 2161 811 2205 non
826 2144 955 2221 appetas
977 2147 1012 2202 ut
1026 2147 1125 2204 teme-

169 2217 277 2295 rarius,
291 2240 351 2283 nee
366 2220 511 2285 formides
525 2232 560 2285 ut
573 2223 710 2288 timidus.

211 2303 242 2366 Ο
256 2305 348 2386 quam
361 2307 591 2402 contemnenda
607 2329 657 2372 res
678 2319 727 2374 est
746 2309 851 2386 homo,
872 2306 932 2371 nisi
954 2326 1047 2390 supra
1067 2304 1125 2368 hu-

168 2401 444 2456 manasurrexerrt.

539 2497 748 2552 MODESTIA.

211 2582 409 2645 verecundia
423 2594 470 2646 est
490 2586 633 2648 omnibus
655 2586 809 2660 natatibus,
831 2582 980 2665 personis,
1003 2590 1124 2662 tempo·

169 2663 263 2739 ribus,
285 2675 318 2726 et
339 2665 416 2726 locis
435 2677 527 2746 apta3
548 2669 762 2728 adolescentes
785 2677 888 2727 tamen
906 2663 1123 2746 juvenilesque

169 2766 266 2806 annos
280 2746 411 2807 maxime
426 2748 530 2808 decet.

212 2827 317 2896 Quam
341 2828 470 2909 pulchra
493 2839 526 2891 et
553 2831 645 2910 quim
673 2828 835 2910 splendida
858 2844 982 2907 gomma
1002 2845 1123 2889 morum

169 2922 217 2975 est
230 2911 392 2987 modestia,
406 2923 439 2974 et
452 2913 484 2974 in
498 2913 569 2989 vita,
584 2924 616 2976 et
630 2913 662 2974 in
676 2912 761 2974 vultu
777 2907 1003 2971 adolescentis!
1030 2911 1122 2986 quem

169 3017 241 3057 vera
255 3006 287 3058 et
300 2995 424 3067 minime
439 2997 535 3058 dubia
556 2998 647 3060 bonae
673 2995 739 3078 spei
764 2993 882 3070 nuntia,
903 2992 994 3054 bonae
1010 2989 1122 3053 indolis

169 3077 273 3138 index.

211 3160 318 3223 Plures
346 3161 463 3242 pudore
492 3163 656 3243 peccandi,
685 3164 776 3242 quam
800 3161 884 3224 bont
914 3158 1072 3222 voluntate
1105 3179 1124 3220 a

121 3315 124 3320 ,
170 3243 333 3327 prohibitis
347 3243 514 3307 abstinent.

212 3328 371 3410 Diogenes
399 3327 665 3391 adolescentulum
693 3329 857 3391 inhonesto
880 3326 976 3390 verbo
1000 3327 1121 3388 erubes-

171 3422 303 3490 centem,
324 3410 454 3496 Ooafide,
468 3412 578 3492 inquit,
584 3411 647 3495 fili,
661 3412 735 3474 hicce
748 3412 826 3474 color
841 3411 953 3474 virtuts
967 3419 1016 3471 est.

559 3533 736 3587 VERITAS.

214 3618 300 3682 Nihil
316 3620 444 3684 veritate
459 3622 596 3685 sanctius
610 3631 643 3684 et
657 3620 820 3703 pretiosius
835 3619 941 3682 haberi
955 3619 1061 3680 debet.
