2590 4194
187 369 249 432 lm
496 383 617 430 rursm
639 385 833 442 comodum.

227 527 285 595 ut.
309 530 352 598 Et
366 535 490 600 habetur
501 537 566 600 istis
577 551 656 601 unta
669 537 763 600 fides?

221 611 277 677 At.
302 616 387 690 Quid
414 642 472 682 non
502 635 599 703 potest
624 621 759 703 simulata
782 620 904 704 religio?
935 618 1061 682 Accedit
1088 616 1148 679 huc

183 694 334 780 juvantis,
356 723 453 766 rerum
478 704 630 786 imperitia,
654 703 749 787 glorie
769 703 838 778 sitis,
853 704 905 778 ira,
920 703 1033 764 animus
1055 701 1093 762 ad
1116 700 1147 762 id

179 780 240 922 pud
253 799 371 846 vocatur
385 786 490 848 naturti
512 809 680 870 propensus.
725 787 782 848 His
806 785 891 848 sacild
914 785 1078 868 imponitur,
1091 804 1148 844 nec

201 861 298 958 iificild
312 871 480 951 perpellitur
494 873 653 954 plaustrum
668 870 769 955 sudpte
784 885 886 953 sponte
901 869 1090 952 propendens
1110 866 1149 928 ad

178 963 300 1010 ruinam.

133 1059 138 1070 ·
227 1028 279 1093 Ch.
304 1033 371 1118 Ego
385 1035 446 1098 istis
461 1039 631 1100 animalibus
645 1039 751 1100 lubens
765 1037 873 1120 aliquid
881 1035 955 1117 ,boni
970 1035 1077 1098 secero.

221 1112 278 1176 Al.
301 1117 423 1201 Appara
436 1121 548 1184 lautum
563 1122 751 1196 convivium;
772 1121 843 1182 nihil
859 1134 943 1202 potes
957 1119 1074 1201 gratius.

227 1197 284 1262 Ch.
308 1201 359 1265 Ex
382 1206 492 1280 malvis,
507 1204 611 1285 lupinis
635 1217 665 1264 et
687 1204 778 1284 porris
790 1225 799 1277 3
821 1222 891 1262 nam
913 1202 993 1282 apud
1015 1221 1068 1260 nos
1090 1221 1149 1262 non

180 1280 234 1344 alia
249 1299 302 1358 est,
317 1300 349 1346 ut
363 1287 427 1359 scis,
444 1306 563 1344 annona.

220 1363 275 1424 At
298 1366 363 1425 lmd
376 1386 415 1424 ex
430 1365 603 1443 perdicibus,
615 1363 696 1442 capis
707 1376 737 1424 et
746 1361 899 1444 phasianis,
911 1362 935 1422 si
946 1362 988 1422 vis
1003 1381 1068 1422 esse
1078 1383 1145 1444 gru·

177 1455 223 1504 tus
236 1445 408 1504 convivator.

223 1521 274 1586 Ch.
299 1525 360 1586 Sed
375 1547 437 1610 quae
452 1527 583 1590 resistes
604 1541 704 1589 movet
725 1543 757 1590 ut
779 1539 932 1610 tantopere
953 1541 1147 1611 promoveant

175 1603 303 1683 bellum3
326 1623 377 1672 aut
391 1610 460 1694 quid
475 1610 543 1672 hinc
558 1624 673 1672 metunt
686 1609 854 1672 commodi?

218 1688 273 1752 Al.
297 1691 380 1764 Quia
394 1695 458 1776 plus
473 1694 663 1755 emolumenti
677 1694 794 1776 capiunt
807 1713 825 1753 e
846 1691 1034 1755 morientibus
1056 1689 1146 1775 quim

176 1793 217 1837 ex
230 1774 311 1838 vivis.
356 1776 432 1838 Sunt
445 1776 803 1858 testamenta,parentalia,
817 1775 913 1851 bullae,
928 1775 1076 1857 multaque
1091 1774 1147 1836 alia

176 1878 235 1919 non
257 1860 440 1940 aspernanda
463 1861 565 1935 lucra;
588 1859 724 1940 denique,
739 1859 850 1920 malunt
871 1857 901 1918 in
923 1856 1024 1918 castris
1038 1855 1145 1918 versari

124 2019 128 2024 Ι
177 1940 265 2022 quam
279 1941 309 2002 in
323 1942 382 2003 suis
397 1942 565 2003 alvearibus.
610 1941 730 2002 Bellum
745 1941 853 2002 multos
867 1939 956 2024 giguit
967 1939 1144 2024 Episcopos,

177 2025 226 2105 qui
241 2024 271 2085 in
286 2045 361 2107 pace
375 2045 413 2086 ne
429 2025 551 2086 teruncii
566 2024 685 2106 quidem
698 2023 813 2088 fiebant

225 2105 281 2169 Ch.
306 2107 438 2190 Sapiunt.

220 2189 274 2252 Al.
297 2191 360 2253 Sed
374 2191 444 2274 quid
458 2211 531 2270 opus
546 2202 591 2250 est
604 2188 732 2251 triremi?

225 2272 281 2338 Oh.
305 2272 395 2351 Nihil,
410 2273 434 2336 si
449 2273 536 2334 velim
550 2273 579 2334 in
598 2271 697 2334 medid
712 2271 824 2354 vpalude
846 2291 943 2333 rursus
966 2270 1144 2355 naufragium

178 2357 286 2422 facere.
717 2369 718 2374 ’

220 2441 275 2504 At.
299 2441 349 2504 Ob
364 2441 597 2505 multitudinem?

227 2524 283 2588 Gt.
307 2525 437 2586 Scilicet.

175 2655 179 2662 .
220 2605 277 2666 At.
308 2606 399 2744 Atpui
427 2607 543 2668 umbras
568 2607 661 2680 vehis,
687 2628 745 2668 non
770 2627 903 2687 corpora.
961 2603 1145 2678 Quantulum

177 2700 276 2749 autem
290 2706 348 2766 pon
370 2687 425 2746 eris
439 2687 548 2746 habent
562 2688 691 2748 umbra?

226 2766 282 2828 Ch.
306 2765 371 2825 Sint
386 2765 491 2844 tipulae,
503 2780 600 2825 tamen
615 2767 768 2844 tipularum
780 2779 856 2827 tanta
867 2767 911 2826 vis
925 2787 990 2826 esse
1006 2782 1101 2847 potest
1114 2783 1146 2832 ut

177 2860 298 2912 onerent
325 2846 474 2928 cymbam.
531 2845 624 2919 Tum,
653 2845 709 2905 scis
737 2857 767 2906 et
794 2847 932 2927 cymbam
960 2849 1145 2912 umbratilem

178 2951 254 2996 esse.
789 2989 793 2997 .

220 3011 275 3076 Al.
299 3012 340 3074 At
353 3031 409 3092 ego
422 3010 542 3072 memini
556 3010 656 3072 videre
671 3029 730 3086 me,
745 3007 813 3072 clun
828 3023 905 3072 esset
926 3009 1026 3093 ingens
1047 3011 1143 3089 turba,

177 3114 234 3158 nec
248 3094 357 3174 cymba
370 3109 487 3173 caperet
499 3114 601 3154 omnes
616 3115 633 3153 a
648 3092 731 3154 clavo
745 3107 795 3154 tuo
809 3093 861 3155 tria
874 3093 962 3154 millia
975 3096 1143 3157 umbrarum

177 3176 306 3264 pendere
320 3193 538 3256 nonnunquam,
552 3195 609 3238 nec
623 3189 654 3237 tu
669 3175 783 3256 pondus
798 3177 888 3237 ullum
903 3177 1058 3238 sentiebas.

227 3257 282 3323 Ch.
299 3256 416 3322 Fateor
429 3259 501 3320 tales
515 3279 579 3320 esse
594 3258 705 3320 animas
720 3280 782 3342 que
798 3260 934 3341 paulatim
950 3259 1145 3342 demigrarunt

178 3363 197 3406 e
210 3363 332 3427 corpore
342 3341 451 3426 phthisi
462 3355 512 3403 aut
521 3340 637 3404 hecticb
647 3356 772 3404 tenuato.
817 3341 965 3404 Caeterum
977 3363 1040 3424 quae
1051 3341 1147 3404 subitd

177 3427 355 3494 revelluntur
371 3445 388 3488 e
400 3445 496 3488 crasso
510 3447 633 3507 corpore
648 3426 772 3488 multum
787 3445 932 3508 corporee
947 3425 1030 3487 molis
1043 3445 1144 3486 secum

178 3510 284 3578 terum.
328 3508 422 3573 Tales
435 3522 532 3572 autem
548 3509 636 3572 mittit
656 3508 823 3591 apoplexia,
838 3508 995 3591 synanche,
1010 3507 1144 3592 penites

178 3593 229 3671 tia,
242 3593 295 3656 sed
309 3590 456 3678 precipue
470 3591 592 3726 ibelim.
