2570 4180
621 300 671 368 te

210 474 347 538 Tantiun
368 476 456 539 abest
477 487 512 540 ut
533 477 624 539 firrati
645 476 740 540 simus
761 475 912 560 scyphum
924 476 1042 544 demini
1056 477 1120 544 tui:

168 558 252 702 ιῐιρῑυά
266 579 359 639 quern
373 559 486 623 furtum
499 559 726 642 deprehensum
740 559 841 638 fuerit,
857 560 883 624 is
906 571 1006 626 morte
1020 561 1121 662 mulc-

182 660 200 702 e
216 659 262 702 ur.

211 723 366 788 Continet
393 726 554 808 deponunt
589 697 699 789 saccos
730 735 763 790 et
794 726 946 810 aperiunt,
967 747 1045 810 quos
1065 727 1119 794 itte

168 817 321 871 scrutatus
337 809 453 872 invenit
467 809 617 892 scyphum
632 810 664 873 in
679 829 773 872 sacco
787 809 970 893 Benjumini.

625 937 676 994 67.

170 1135 177 1147 Ι
211 1053 303 1198 Τιιῦιθο
325 1054 432 1118 fratres
458 1055 586 1138 Josephi
609 1077 740 1120 moerore
762 1059 901 1140 oppressi
928 1069 1120 1125 revertuntur

169 1156 202 1197 rn
216 1156 252 1197 ur
292 1158 334 1199 m.

211 1219 349 1282 Adducti
371 1222 411 1284 ad
439 1222 619 1304 Josephum‚
642 1245 709 1287 sese
740 1223 923 1308 abjecerunt
951 1223 992 1286 ad
1022 1225 1120 1308 pedes

179 1300 259 1364 llius.
317 1303 442 1372 Quibus
464 1305 541 1368 ille:
575 1309 740 1386 quomodo,
763 1307 872 1388 inquit,
894 1307 1036 1390 potuistis
1057 1307 1119 1374 hoc

166 1384 269 1448 scelus
283 1386 470 1451 admittere?
933 1435 935 1442 <

208 1466 304 1530 Judas
320 1472 499 1551 respondite
520 1470 636 1534 fateor:
657 1492 706 1534 res
727 1483 776 1536 est
796 1472 980 1553 manifesta3
1000 1471 1118 1538 nullam

167 1569 328 1630 possumus
349 1554 581 1616 exeusationem
602 1553 721 1632 afferre,
743 1577 804 1618 nee
832 1556 982 1620 audemus
1009 1566 1117 1639 petere
1149 1593 1181 1683 Τ

167 1633 290 1696 veniam
303 1645 356 1698 aut
370 1653 514 1717 sperare:
535 1657 712 1700 nosomner
726 1637 839 1702 erimus
853 1637 1002 1701 servitui.

210 1715 427 1799 Nequaquam,
449 1719 494 1782 ait
520 1719 692 1802 Josephus:
727 1721 783 1784 sed
813 1721 877 1797 ille,
909 1720 993 1802 apud
1024 1739 1118 1802 quern

167 1797 308 1862 inventus
335 1811 384 1864 est
404 1801 548 1884 scyphus,
577 1803 637 1866 erit
667 1803 742 1866 mihi
773 1825 897 1867 servus:
932 1823 987 1867 vos
1014 1812 1118 1868 autem

165 1881 250 1946 abite
264 1882 354 1946 liberi
368 1883 409 1946 ad
423 1895 544 1967 patrem
558 1896 700 1954 vestmm.

618 2029 673 2102 68,

206 2143 298 2208 'l'unc
317 2143 413 2208 Judas
427 2144 583 2227 accedens
597 2145 721 2228 propius
735 2147 775 2210 ad
790 2143 980 2228 Iosephum:
1001 2153 1033 2210 te
1048 2166 1113 2224 oro,

164 2226 273 2308 inquit,
287 2225 420 2292 Domine
434 2228 487 2304 mi,
500 2239 536 2291 ut
549 2229 633 2292 bonis
646 2249 720 2292 curn
732 2229 823 2292 veniri
835 2248 887 2290 me
901 2228 1019 2292 audias.

206 2309 298 2375 Pater
321 2313 412 2374 unice
427 2311 530 2408 diligit
543 2331 693 2392 puemm3
713 2309 842 2374 nolebat
855 2309 953 2404 primo
974 2329 1048 2376 eum
1067 2311 1115 2378 di-

163 2393 306 2474 mittere;
326 2415 389 2458 non
411 2405 498 2476 potur
519 2395 551 2457 id
573 2394 614 2456 ab
635 2414 675 2456 eo
688 2393 863 2476 impetrare,
877 2413 936 2455 nrsr
951 2403 1115 2476 postquam

163 2475 318 2556 spopondi
345 2498 418 2539 eum
431 2487 531 2540 tutum
545 2477 586 2540 ab
600 2475 684 2540 omni
697 2475 839 2571 periculo
852 2474 928 2538 sore.
1197 2499 1201 2508 ·

207 2558 241 2620 Si
269 2559 448 2622 redierimus
470 2560 508 2622 ad
541 2570 660 2642 patrem
680 2580 746 2622 sine
778 2577 883 2641 puero,
908 2557 962 2623 ille
982 2579 1113 2626 moerere

162 2640 326 2704 confectus
339 2642 495 2706 morietur.

204 2725 252 2788 Te
267 2745 322 2788 oro
336 2736 429 2806 atque
451 2725 582 2796 obsecro
595 2736 631 2789 ut
644 2726 726 2788 sinas
746 2746 876 2808 puemm
890 2724 987 2804 abire,
999 2745 1112 2810 meque

112 2788 131 2883 i
163 2828 217 2889 pro
230 2829 269 2872 eo
283 2809 411 2896 addicas
424 2809 456 2872 in
470 2810 666 2873 servitutem:
687 2831 749 2891 ego
770 2829 903 2891 pennam,
918 2810 980 2892 qud
999 2811 1113 2896 dignus

103 2913 139 2946 *s
161 2901 217 2968 est,
231 2892 305 2956 mihi
320 2913 409 2956 sumo
422 2903 456 2956 et
469 2893 635 2956 exsolvam.

634 3015 685 3071 69.

203 3131 326 3195 Interea
347 3131 499 3214 Josephus
521 3130 680 3194 continere
701 3151 734 3193 se
756 3129 806 3192 vir
835 3141 982 3214 poterat:
1016 3149 1111 3216 quare

158 3213 249 3296 jussit
263 3213 425 3296 AEgyptios
439 3217 596 3278 adstantes
610 3214 767 3276 recedere.

203 3295 286 3358 Tum
313 3297 389 3360 flens
410 3298 486 3360 dixit
506 3298 621 3380 magne
647 3317 743 3359 voce:
764 3319 826 3381 ago
847 3321 915 3364 sum
943 3295 1113 3380 Iosephus3

160 3377 390 3442 vivitne'adhuc
404 3390 491 3460 pater
504 3380 614 3444 meus?
1016 3459 1023 3474 ι

201 3463 276 3526 Non
298 3472 440 3544 poterant
463 3463 648 3545 respondere
669 3464 776 3527 fratrea
797 3463 865 3546 ejus
885 3461 981 3530 nimie
1002 3471 1111 3528 umore

159 3546 340 3628 perturbati.
1155 3559 1172 3582 ··
