<?xml version="1.0" encoding="UTF-8"?>
<!DOCTYPE html PUBLIC "-//W3C//DTD XHTML 1.0 Transitional//EN"
    "http://www.w3.org/TR/xhtml1/DTD/xhtml1-transitional.dtd">
<html xmlns="http://www.w3.org/1999/xhtml" xml:lang="en" lang="en">
 <head>
  <title>
</title>
<meta http-equiv="Content-Type" content="text/html;charset=utf-8" />
  <meta name='ocr-system' content='tesseract 3.04.00' />
  <meta name='ocr-capabilities' content='ocr_page ocr_carea ocr_par ocr_line ocrx_word'/>
</head>
<body>
  <div class='ocr_page' id='page_1' title='image "./liberprimus00danagoog_0053.png"; bbox 0 0 2570 4180; ppageno 0'>
   <div class='ocr_carea' id='block_1_1' title="bbox 611 331 768 406">
    <p class='ocr_par' dir='ltr' id='par_1_1' title="bbox 611 331 768 406">
     <span class='ocr_line' id='line_1_1' title="bbox 611 331 768 406; baseline -0.006 0"><span class='ocrx_word' id='word_1_1' title='bbox 611 331 768 406; x_wconf 69' lang='lat'><strong>48&#39;</strong></span> 
     </span>
    </p>
   </div>
   <div class='ocr_carea' id='block_1_2' title="bbox 164 512 1119 1099">
    <p class='ocr_par' dir='ltr' id='par_1_2' title="bbox 164 512 1118 752">
     <span class='ocr_line' id='line_1_2' title="bbox 165 512 1118 598; baseline -0.008 -14"><span class='ocrx_word' id='word_1_2' title='bbox 165 529 238 596; x_wconf 81' lang='lat' dir='ltr'><strong>nm,</strong></span> <span class='ocrx_word' id='word_1_3' title='bbox 252 519 375 583; x_wconf 85' lang='lat' dir='ltr'><strong>scilicet</strong></span> <span class='ocrx_word' id='word_1_4' title='bbox 396 525 431 581; x_wconf 90' lang='lat' dir='ltr'><strong>ut</strong></span> <span class='ocrx_word' id='word_1_5' title='bbox 452 538 492 580; x_wconf 90' lang='lat' dir='ltr'><strong>ne</strong></span> <span class='ocrx_word' id='word_1_6' title='bbox 513 537 563 578; x_wconf 91' lang='lat' dir='ltr'><strong>me</strong></span> <span class='ocrx_word' id='word_1_7' title='bbox 578 515 712 598; x_wconf 74' lang='lat' dir='ltr'>sepelias</span> <span class='ocrx_word' id='word_1_8' title='bbox 726 515 758 576; x_wconf 93' lang='lat' dir='ltr'><strong>in</strong></span> <span class='ocrx_word' id='word_1_9' title='bbox 773 512 920 595; x_wconf 83' lang='lat' dir='ltr'><strong>AEgypto‚</strong></span> <span class='ocrx_word' id='word_1_10' title='bbox 936 514 991 575; x_wconf 91' lang='lat' dir='ltr'><strong>sed</strong></span> <span class='ocrx_word' id='word_1_11' title='bbox 1005 533 1118 596; x_wconf 81' lang='lat' dir='ltr'><strong>corpur</strong></span> 
     </span>
     <span class='ocr_line' id='line_1_3' title="bbox 164 595 1118 682; baseline -0.007 -15"><span class='ocrx_word' id='word_1_12' title='bbox 164 621 270 666; x_wconf 83' lang='lat' dir='ltr'><strong>meum</strong></span> <span class='ocrx_word' id='word_1_13' title='bbox 283 601 447 666; x_wconf 75' lang='lat' dir='ltr'>transferas</span> <span class='ocrx_word' id='word_1_14' title='bbox 461 621 501 662; x_wconf 87' lang='lat' dir='ltr'><strong>ex</strong></span> <span class='ocrx_word' id='word_1_15' title='bbox 515 599 574 662; x_wconf 72' lang='lat' dir='ltr'><strong>hirc</strong></span> <span class='ocrx_word' id='word_1_16' title='bbox 590 599 728 682; x_wconf 84' lang='lat' dir='ltr'>regione,</span> <span class='ocrx_word' id='word_1_17' title='bbox 742 607 776 660; x_wconf 89' lang='lat' dir='ltr'><strong>et</strong></span> <span class='ocrx_word' id='word_1_18' title='bbox 789 595 906 658; x_wconf 83' lang='lat' dir='ltr'><strong>condes</strong></span> <span class='ocrx_word' id='word_1_19' title='bbox 921 596 953 658; x_wconf 93' lang='lat' dir='ltr'><strong>in</strong></span> <span class='ocrx_word' id='word_1_20' title='bbox 975 597 1118 678; x_wconf 87' lang='lat' dir='ltr'><strong>sepulcro</strong></span> 
     </span>
     <span class='ocr_line' id='line_1_4' title="bbox 165 685 478 752; baseline -0.01 -4"><span class='ocrx_word' id='word_1_21' title='bbox 165 685 226 748; x_wconf 82' lang='lat' dir='ltr'><strong>mn&#39;</strong></span> <span class='ocrx_word' id='word_1_22' title='bbox 249 706 317 748; x_wconf 92' lang='lat' dir='ltr'><strong>rum</strong></span> <span class='ocrx_word' id='word_1_23' title='bbox 330 703 478 752; x_wconf 85' lang='lat' dir='ltr'><strong>meorum.</strong></span> 
     </span>
    </p>

    <p class='ocr_par' dir='ltr' id='par_1_3' title="bbox 170 762 1119 1099">
     <span class='ocr_line' id='line_1_5' title="bbox 228 762 1096 848; baseline -0.007 -18"><span class='ocrx_word' id='word_1_24' title='bbox 228 768 361 848; x_wconf 88' lang='lat' dir='ltr'><strong>osephus</strong></span> <span class='ocrx_word' id='word_1_25' title='bbox 375 777 480 830; x_wconf 86' lang='lat' dir='ltr'><strong>autem</strong></span> <span class='ocrx_word' id='word_1_26' title='bbox 495 788 503 827; x_wconf 75' lang='grc' dir='ltr'><strong>ε</strong></span> <span class='ocrx_word' id='word_1_27' title='bbox 526 765 648 840; x_wconf 85' lang='lat' dir='ltr'><strong>faciam,</strong></span> <span class='ocrx_word' id='word_1_28' title='bbox 663 764 772 844; x_wconf 90' lang='lat' dir='ltr'><strong>inquit,</strong></span> <span class='ocrx_word' id='word_1_29' title='bbox 787 763 871 842; x_wconf 90' lang='lat' dir='ltr'><strong>quod</strong></span> <span class='ocrx_word' id='word_1_30' title='bbox 883 762 984 844; x_wconf 89' lang='lat' dir='ltr'><strong>jubes,</strong></span> <span class='ocrx_word' id='word_1_31' title='bbox 999 773 1096 844; x_wconf 89' lang='lat' dir='ltr'><strong>pater.</strong></span> 
     </span>
     <span class='ocr_line' id='line_1_6' title="bbox 208 844 1119 932; baseline -0.004 -20"><span class='ocrx_word' id='word_1_32' title='bbox 208 849 285 914; x_wconf 89' lang='lat' dir='ltr'><strong>Jura</strong></span> <span class='ocrx_word' id='word_1_33' title='bbox 307 869 383 932; x_wconf 84' lang='lat' dir='ltr'><strong>ergo</strong></span> <span class='ocrx_word' id='word_1_34' title='bbox 405 849 489 925; x_wconf 90' lang='lat' dir='ltr'><strong>mihi,</strong></span> <span class='ocrx_word' id='word_1_35' title='bbox 514 849 558 912; x_wconf 87' lang='lat' dir='ltr'><strong>ait</strong></span> <span class='ocrx_word' id='word_1_36' title='bbox 581 847 728 923; x_wconf 86' lang='lat' dir='ltr'><strong>Jacobus,</strong></span> <span class='ocrx_word' id='word_1_37' title='bbox 753 857 783 910; x_wconf 91' lang='lat' dir='ltr'><strong>te</strong></span> <span class='ocrx_word' id='word_1_38' title='bbox 805 846 891 908; x_wconf 83' lang='lat' dir='ltr'><strong>certd</strong></span> <span class='ocrx_word' id='word_1_39' title='bbox 913 845 946 908; x_wconf 91' lang='lat' dir='ltr'><strong>id</strong></span> <span class='ocrx_word' id='word_1_40' title='bbox 968 844 1119 908; x_wconf 82' lang='lat' dir='ltr'><strong>facturum</strong></span> 
     </span>
     <span class='ocr_line' id='line_1_7' title="bbox 170 951 1106 998; baseline -0.007 -25"><span class='ocrx_word' id='word_1_41' title='bbox 170 951 250 998; x_wconf 60' lang='lat' dir='ltr'><strong>esse·</strong></span> <span class='ocrx_word' id='word_1_42' title='bbox 1105 963 1106 966; x_wconf 72' lang='grc'>,</span> 
     </span>
     <span class='ocr_line' id='line_1_8' title="bbox 210 1013 759 1099; baseline -0.009 -20"><span class='ocrx_word' id='word_1_43' title='bbox 210 1013 363 1096; x_wconf 85' lang='lat' dir='ltr'><strong>Josephus</strong></span> <span class='ocrx_word' id='word_1_44' title='bbox 373 1015 486 1099; x_wconf 86' lang='lat' dir='ltr'><strong>juravit</strong></span> <span class='ocrx_word' id='word_1_45' title='bbox 500 1015 532 1078; x_wconf 88' lang='lat' dir='ltr'><strong>iu</strong></span> <span class='ocrx_word' id='word_1_46' title='bbox 545 1015 641 1078; x_wconf 84' lang='lat' dir='ltr'><strong>verba</strong></span> <span class='ocrx_word' id='word_1_47' title='bbox 655 1014 759 1096; x_wconf 86' lang='lat' dir='ltr'><strong>patris.</strong></span> 
     </span>
    </p>
   </div>
   <div class='ocr_carea' id='block_1_3' title="bbox 618 1137 669 1192">
    <p class='ocr_par' dir='ltr' id='par_1_4' title="bbox 618 1137 669 1192">
     <span class='ocr_line' id='line_1_9' title="bbox 618 1137 669 1192; baseline 0 0"><span class='ocrx_word' id='word_1_48' title='bbox 618 1137 669 1192; x_wconf 81' lang='lat'><strong>77.</strong></span> 
     </span>
    </p>
   </div>
   <div class='ocr_carea' id='block_1_4' title="bbox 169 1247 1124 2074">
    <p class='ocr_par' dir='ltr' id='par_1_5' title="bbox 169 1247 1121 1580">
     <span class='ocr_line' id='line_1_10' title="bbox 212 1247 1121 1335; baseline -0.002 -20"><span class='ocrx_word' id='word_1_49' title='bbox 212 1250 365 1335; x_wconf 87' lang='lat' dir='ltr'><strong>Josephus</strong></span> <span class='ocrx_word' id='word_1_50' title='bbox 393 1253 521 1314; x_wconf 87' lang='lat' dir='ltr'><strong>adduxit</strong></span> <span class='ocrx_word' id='word_1_51' title='bbox 543 1251 583 1314; x_wconf 90' lang='lat' dir='ltr'><strong>ad</strong></span> <span class='ocrx_word' id='word_1_52' title='bbox 607 1259 726 1332; x_wconf 88' lang='lat' dir='ltr'><strong>patrem</strong></span> <span class='ocrx_word' id='word_1_53' title='bbox 748 1249 826 1311; x_wconf 93' lang='lat' dir='ltr'><strong>duos</strong></span> <span class='ocrx_word' id='word_1_54' title='bbox 848 1247 927 1310; x_wconf 89' lang='lat' dir='ltr'><strong>filios</strong></span> <span class='ocrx_word' id='word_1_55' title='bbox 948 1268 1029 1324; x_wconf 89' lang='lat' dir='ltr'><strong>suos,</strong></span> <span class='ocrx_word' id='word_1_56' title='bbox 1051 1250 1121 1313; x_wconf 82' lang='lat' dir='ltr'><strong>Ma·</strong></span> 
     </span>
     <span class='ocr_line' id='line_1_11' title="bbox 169 1331 1121 1414; baseline 0 -18"><span class='ocrx_word' id='word_1_57' title='bbox 169 1352 292 1396; x_wconf 86' lang='lat' dir='ltr'><strong>nassem</strong></span> <span class='ocrx_word' id='word_1_58' title='bbox 327 1345 360 1396; x_wconf 91' lang='lat' dir='ltr'><strong>et</strong></span> <span class='ocrx_word' id='word_1_59' title='bbox 381 1333 599 1414; x_wconf 86' lang='lat' dir='ltr'><strong>Ephraimum:</strong></span> <span class='ocrx_word' id='word_1_60' title='bbox 630 1333 732 1414; x_wconf 86' lang='lat' dir='ltr'>posuit</span> <span class='ocrx_word' id='word_1_61' title='bbox 755 1331 942 1407; x_wconf 81' lang='lat' dir='ltr'><strong>Manassem‚</strong></span> <span class='ocrx_word' id='word_1_62' title='bbox 964 1331 1018 1411; x_wconf 91' lang='lat' dir='ltr'><strong>qui</strong></span> <span class='ocrx_word' id='word_1_63' title='bbox 1045 1343 1121 1396; x_wconf 89' lang='lat' dir='ltr'><strong>natu</strong></span> 
     </span>
     <span class='ocr_line' id='line_1_12' title="bbox 169 1413 1121 1497; baseline 0.001 -19"><span class='ocrx_word' id='word_1_64' title='bbox 169 1415 268 1497; x_wconf 87' lang='lat' dir='ltr'><strong>major</strong></span> <span class='ocrx_word' id='word_1_65' title='bbox 280 1425 356 1491; x_wconf 87' lang='lat' dir='ltr'><strong>erat,</strong></span> <span class='ocrx_word' id='word_1_66' title='bbox 379 1417 419 1478; x_wconf 83' lang='lat' dir='ltr'><strong>ad</strong></span> <span class='ocrx_word' id='word_1_67' title='bbox 443 1415 581 1476; x_wconf 75' lang='lat' dir='ltr'><strong>dextram</strong></span> <span class='ocrx_word' id='word_1_68' title='bbox 599 1414 690 1490; x_wconf 88' lang='lat' dir='ltr'><strong>senis,</strong></span> <span class='ocrx_word' id='word_1_69' title='bbox 705 1413 905 1496; x_wconf 87' lang='lat' dir='ltr'><strong>Ephraimum</strong></span> <span class='ocrx_word' id='word_1_70' title='bbox 928 1415 1000 1476; x_wconf 81' lang='lat' dir='ltr'><strong>verd</strong></span> <span class='ocrx_word' id='word_1_71' title='bbox 1022 1415 1121 1479; x_wconf 91' lang='lat' dir='ltr'><strong>mino-</strong></span> 
     </span>
     <span class='ocr_line' id='line_1_13' title="bbox 170 1497 548 1580; baseline -0.005 -20"><span class='ocrx_word' id='word_1_72' title='bbox 170 1515 237 1560; x_wconf 84' lang='lat' dir='ltr'><strong>rem</strong></span> <span class='ocrx_word' id='word_1_73' title='bbox 251 1498 291 1560; x_wconf 86' lang='lat' dir='ltr'><strong>ad</strong></span> <span class='ocrx_word' id='word_1_74' title='bbox 305 1497 458 1560; x_wconf 78' lang='lat' dir='ltr'><strong>sinistram</strong></span> <span class='ocrx_word' id='word_1_75' title='bbox 472 1497 548 1580; x_wconf 90' lang='lat' dir='ltr'><strong>ejus.</strong></span> 
     </span>
    </p>

    <p class='ocr_par' dir='ltr' id='par_1_6' title="bbox 171 1579 1123 1828">
     <span class='ocr_line' id='line_1_14' title="bbox 214 1579 1123 1662; baseline 0.002 -20"><span class='ocrx_word' id='word_1_76' title='bbox 214 1579 258 1643; x_wconf 92' lang='lat' dir='ltr'><strong>At</strong></span> <span class='ocrx_word' id='word_1_77' title='bbox 287 1579 433 1657; x_wconf 87' lang='lat' dir='ltr'><strong>Jacobus,</strong></span> <span class='ocrx_word' id='word_1_78' title='bbox 464 1581 632 1643; x_wconf 87' lang='lat' dir='ltr'><strong>decussans</strong></span> <span class='ocrx_word' id='word_1_79' title='bbox 659 1601 778 1656; x_wconf 86' lang='lat' dir='ltr'><strong>manus,</strong></span> <span class='ocrx_word' id='word_1_80' title='bbox 805 1579 945 1642; x_wconf 83' lang='lat' dir='ltr'>dextram</span> <span class='ocrx_word' id='word_1_81' title='bbox 976 1579 1123 1662; x_wconf 85' lang='lat' dir='ltr'>imposuit</span> 
     </span>
     <span class='ocr_line' id='line_1_15' title="bbox 171 1659 1122 1744; baseline 0.002 -20"><span class='ocrx_word' id='word_1_82' title='bbox 171 1659 349 1744; x_wconf 88' lang='lat' dir='ltr'><strong>Ephraimo‚</strong></span> <span class='ocrx_word' id='word_1_83' title='bbox 371 1664 523 1727; x_wconf 82' lang='lat' dir='ltr'><strong>sinistram</strong></span> <span class='ocrx_word' id='word_1_84' title='bbox 546 1673 650 1726; x_wconf 88' lang='lat' dir='ltr'><strong>autem</strong></span> <span class='ocrx_word' id='word_1_85' title='bbox 673 1663 822 1739; x_wconf 85' lang='lat' dir='ltr'><strong>Manassi,</strong></span> <span class='ocrx_word' id='word_1_86' title='bbox 835 1671 876 1726; x_wconf 89' lang='lat' dir='ltr'><strong>et·</strong></span> <span class='ocrx_word' id='word_1_87' title='bbox 890 1663 1011 1744; x_wconf 87' lang='lat' dir='ltr'><strong>utrique</strong></span> <span class='ocrx_word' id='word_1_88' title='bbox 1033 1663 1122 1726; x_wconf 89' lang='lat' dir='ltr'><strong>simul</strong></span> 
     </span>
     <span class='ocr_line' id='line_1_16' title="bbox 172 1743 484 1828; baseline 0.006 -23"><span class='ocrx_word' id='word_1_89' title='bbox 172 1743 255 1810; x_wconf 86' lang='lat' dir='ltr'><strong>bene</strong></span> <span class='ocrx_word' id='word_1_90' title='bbox 269 1757 413 1828; x_wconf 75' lang='lat' dir='ltr'><strong>precatus</strong></span> <span class='ocrx_word' id='word_1_91' title='bbox 427 1757 484 1809; x_wconf 88' lang='lat' dir='ltr'><strong>est.</strong></span> 
     </span>
    </p>

    <p class='ocr_par' dir='ltr' id='par_1_7' title="bbox 173 1827 1124 1990">
     <span class='ocr_line' id='line_1_17' title="bbox 215 1827 1124 1910; baseline -0.003 -15"><span class='ocrx_word' id='word_1_92' title='bbox 215 1827 313 1895; x_wconf 77' lang='lat' dir='ltr'><strong>Quod</strong></span> <span class='ocrx_word' id='word_1_93' title='bbox 331 1829 484 1910; x_wconf 86' lang='lat' dir='ltr'><strong>Josephus</strong></span> <span class='ocrx_word' id='word_1_94' title='bbox 509 1828 754 1890; x_wconf 84' lang='lat' dir='ltr'><strong>animadvertens</strong></span> <span class='ocrx_word' id='word_1_95' title='bbox 776 1848 860 1910; x_wconf 85' lang='lat' dir='ltr'><strong>aegre</strong></span> <span class='ocrx_word' id='word_1_96' title='bbox 880 1829 961 1906; x_wconf 89' lang='lat' dir='ltr'><strong>tulit,</strong></span> <span class='ocrx_word' id='word_1_97' title='bbox 983 1839 1016 1892; x_wconf 92' lang='lat' dir='ltr'><strong>et</strong></span> <span class='ocrx_word' id='word_1_98' title='bbox 1029 1836 1124 1892; x_wconf 81' lang='lat' dir='ltr'><strong>coita·</strong></span> 
     </span>
     <span class='ocr_line' id='line_1_18' title="bbox 173 1909 730 1990; baseline 0 -19"><span class='ocrx_word' id='word_1_99' title='bbox 173 1917 223 1971; x_wconf 81' lang='lat' dir='ltr'><strong>tus</strong></span> <span class='ocrx_word' id='word_1_100' title='bbox 237 1919 285 1971; x_wconf 87' lang='lat' dir='ltr'><strong>est</strong></span> <span class='ocrx_word' id='word_1_101' title='bbox 298 1929 406 1971; x_wconf 89' lang='lat' dir='ltr'><strong>manus</strong></span> <span class='ocrx_word' id='word_1_102' title='bbox 421 1909 516 1990; x_wconf 83' lang='lat' dir='ltr'><strong>patris</strong></span> <span class='ocrx_word' id='word_1_103' title='bbox 529 1920 730 1974; x_wconf 83' lang='lat' dir='ltr'><strong>commutare.</strong></span> 
     </span>
    </p>

    <p class='ocr_par' dir='ltr' id='par_1_8' title="bbox 217 1990 1124 2074">
     <span class='ocr_line' id='line_1_19' title="bbox 217 1990 1124 2074; baseline 0.006 -22"><span class='ocrx_word' id='word_1_104' title='bbox 217 1990 261 2052; x_wconf 85' lang='lat' dir='ltr'><strong>At</strong></span> <span class='ocrx_word' id='word_1_105' title='bbox 281 2000 370 2071; x_wconf 85' lang='lat' dir='ltr'><strong>peter</strong></span> <span class='ocrx_word' id='word_1_106' title='bbox 390 1991 511 2065; x_wconf 83' lang='lat' dir='ltr'><strong>restitit,</strong></span> <span class='ocrx_word' id='word_1_107' title='bbox 540 1991 677 2072; x_wconf 86' lang='lat' dir='ltr'><strong>dixitque</strong></span> <span class='ocrx_word' id='word_1_108' title='bbox 707 1992 864 2074; x_wconf 88' lang='lat' dir='ltr'><strong>Josepho:</strong></span> <span class='ocrx_word' id='word_1_109' title='bbox 899 1995 974 2072; x_wconf 87' lang='lat' dir='ltr'><strong>scio,</strong></span> <span class='ocrx_word' id='word_1_110' title='bbox 1003 1995 1124 2070; x_wconf 85' lang='lat' dir='ltr'><strong>filimi,</strong></span> 
     </span>
    </p>
   </div>
   <div class='ocr_carea' id='block_1_5' title="bbox 174 2071 1125 2155">
    <p class='ocr_par' dir='ltr' id='par_1_9' title="bbox 174 2071 1125 2155">
     <span class='ocr_line' id='line_1_20' title="bbox 174 2071 1125 2155; baseline 0.008 -21"><span class='ocrx_word' id='word_1_111' title='bbox 174 2071 241 2134; x_wconf 78' lang='lat' dir='ltr'><strong>ecio</strong></span> <span class='ocrx_word' id='word_1_112' title='bbox 262 2071 345 2134; x_wconf 91' lang='lat' dir='ltr'><strong>hunc</strong></span> <span class='ocrx_word' id='word_1_113' title='bbox 367 2092 434 2136; x_wconf 90' lang='lat' dir='ltr'><strong>esse</strong></span> <span class='ocrx_word' id='word_1_114' title='bbox 459 2073 607 2155; x_wconf 84' lang='lat' dir='ltr'><strong>majorem</strong></span> <span class='ocrx_word' id='word_1_115' title='bbox 628 2084 713 2150; x_wconf 87' lang='lat' dir='ltr'><strong>natu,</strong></span> <span class='ocrx_word' id='word_1_116' title='bbox 734 2085 767 2137; x_wconf 90' lang='lat' dir='ltr'><strong>et</strong></span> <span class='ocrx_word' id='word_1_117' title='bbox 788 2075 875 2140; x_wconf 90' lang='lat' dir='ltr'><strong>illum</strong></span> <span class='ocrx_word' id='word_1_118' title='bbox 895 2078 1066 2142; x_wconf 82' lang='lat' dir='ltr'><strong>minorem:</strong></span> <span class='ocrx_word' id='word_1_119' title='bbox 1091 2079 1125 2142; x_wconf 91' lang='lat' dir='ltr'><strong>id</strong></span> 
     </span>
    </p>
   </div>
   <div class='ocr_carea' id='block_1_6' title="bbox 175 2154 983 2327">
    <p class='ocr_par' dir='ltr' id='par_1_10' title="bbox 175 2154 983 2327">
     <span class='ocr_line' id='line_1_21' title="bbox 175 2154 423 2235; baseline 0.008 -20"><span class='ocrx_word' id='word_1_120' title='bbox 175 2154 310 2235; x_wconf 88' lang='lat' dir='ltr'><strong>prudens</strong></span> <span class='ocrx_word' id='word_1_121' title='bbox 325 2155 396 2217; x_wconf 87' lang='lat' dir='ltr'><strong>feci.</strong></span> <span class='ocrx_word' id='word_1_122' title='bbox 421 2219 423 2224; x_wconf 78' lang='grc'>,</span> 
     </span>
     <span class='ocr_line' id='line_1_22' title="bbox 218 2235 983 2327; baseline 0.009 -29"><span class='ocrx_word' id='word_1_123' title='bbox 218 2235 267 2299; x_wconf 84' lang='lat' dir='ltr'><strong>Its</strong></span> <span class='ocrx_word' id='word_1_124' title='bbox 280 2235 417 2327; x_wconf 77' lang='lat' dir='ltr'><strong>lacobus</strong></span> <span class='ocrx_word' id='word_1_125' title='bbox 431 2235 631 2320; x_wconf 84' lang='lat' dir='ltr'><strong>Ephraimum</strong></span> <span class='ocrx_word' id='word_1_126' title='bbox 645 2239 782 2303; x_wconf 87' lang='lat' dir='ltr'><strong>Manassi</strong></span> <span class='ocrx_word' id='word_1_127' title='bbox 797 2244 983 2326; x_wconf 80' lang='lat' dir='ltr'><strong>anteposuit.</strong></span> 
     </span>
    </p>
   </div>
   <div class='ocr_carea' id='block_1_7' title="bbox 604 2380 654 2436">
    <p class='ocr_par' dir='ltr' id='par_1_11' title="bbox 604 2380 654 2436">
     <span class='ocr_line' id='line_1_23' title="bbox 604 2380 654 2436; baseline 0.04 -2"><span class='ocrx_word' id='word_1_128' title='bbox 604 2380 654 2436; x_wconf 78' lang='lat'><strong>78.</strong></span> 
     </span>
    </p>
   </div>
   <div class='ocr_carea' id='block_1_8' title="bbox 118 2492 1127 2664">
    <p class='ocr_par' dir='ltr' id='par_1_12' title="bbox 118 2492 1127 2664">
     <span class='ocr_line' id='line_1_24' title="bbox 219 2492 1127 2578; baseline 0 -21"><span class='ocrx_word' id='word_1_129' title='bbox 219 2493 264 2557; x_wconf 90' lang='lat' dir='ltr'><strong>Ut</strong></span> <span class='ocrx_word' id='word_1_130' title='bbox 277 2493 353 2555; x_wconf 86' lang='lat' dir='ltr'><strong>vidit</strong></span> <span class='ocrx_word' id='word_1_131' title='bbox 377 2492 530 2573; x_wconf 80' lang='lat' dir='ltr'><strong>iosephus</strong></span> <span class='ocrx_word' id='word_1_132' title='bbox 544 2493 714 2556; x_wconf 89' lang='lat' dir='ltr'><strong>extinctum</strong></span> <span class='ocrx_word' id='word_1_133' title='bbox 734 2503 862 2574; x_wconf 88' lang='lat' dir='ltr'><strong>patrem,</strong></span> <span class='ocrx_word' id='word_1_134' title='bbox 876 2493 937 2558; x_wconf 91' lang='lat' dir='ltr'><strong>ruit</strong></span> <span class='ocrx_word' id='word_1_135' title='bbox 950 2515 1042 2578; x_wconf 85' lang='lat' dir='ltr'><strong>super</strong></span> <span class='ocrx_word' id='word_1_136' title='bbox 1055 2516 1127 2559; x_wconf 89' lang='lat' dir='ltr'><strong>eum</strong></span> 
     </span>
     <span class='ocr_line' id='line_1_25' title="bbox 118 2574 983 2664; baseline 0.003 -28"><span class='ocrx_word' id='word_1_137' title='bbox 118 2655 126 2664; x_wconf 24' lang='grc' dir='ltr'>ἱ</span> <span class='ocrx_word' id='word_1_138' title='bbox 178 2574 276 2638; x_wconf 86' lang='lat' dir='ltr'><strong>flens:</strong></span> <span class='ocrx_word' id='word_1_139' title='bbox 297 2574 499 2636; x_wconf 86' lang='lat' dir='ltr'><strong>et-osculatus</strong></span> <span class='ocrx_word' id='word_1_140' title='bbox 510 2583 557 2634; x_wconf 90' lang='lat' dir='ltr'><strong>est</strong></span> <span class='ocrx_word' id='word_1_141' title='bbox 571 2595 652 2651; x_wconf 89' lang='lat' dir='ltr'><strong>eum,</strong></span> <span class='ocrx_word' id='word_1_142' title='bbox 667 2576 804 2656; x_wconf 91' lang='lat' dir='ltr'><strong>luxitque</strong></span> <span class='ocrx_word' id='word_1_143' title='bbox 818 2577 905 2640; x_wconf 92' lang='lat' dir='ltr'><strong>illum</strong></span> <span class='ocrx_word' id='word_1_144' title='bbox 919 2577 983 2641; x_wconf 89' lang='lat' dir='ltr'><strong>diu.</strong></span> 
     </span>
    </p>
   </div>
   <div class='ocr_carea' id='block_1_9' title="bbox 221 2654 1226 2739">
    <p class='ocr_par' dir='ltr' id='par_1_13' title="bbox 221 2654 1226 2739">
     <span class='ocr_line' id='line_1_26' title="bbox 221 2654 1226 2739; baseline 0.009 -25"><span class='ocrx_word' id='word_1_145' title='bbox 221 2654 342 2715; x_wconf 90' lang='lat' dir='ltr'><strong>Deinde</strong></span> <span class='ocrx_word' id='word_1_146' title='bbox 364 2654 515 2731; x_wconf 87' lang='lat' dir='ltr'><strong>praecepit</strong></span> <span class='ocrx_word' id='word_1_147' title='bbox 546 2657 675 2716; x_wconf 91' lang='lat' dir='ltr'><strong>medicis</strong></span> <span class='ocrx_word' id='word_1_148' title='bbox 698 2667 734 2716; x_wconf 91' lang='lat' dir='ltr'><strong>ut</strong></span> <span class='ocrx_word' id='word_1_149' title='bbox 761 2659 924 2721; x_wconf 87' lang='lat' dir='ltr'><strong>condirent</strong></span> <span class='ocrx_word' id='word_1_150' title='bbox 950 2681 1073 2739; x_wconf 88' lang='lat' dir='ltr'><strong>corpus,</strong></span> <span class='ocrx_word' id='word_1_151' title='bbox 1095 2669 1128 2722; x_wconf 87' lang='lat' dir='ltr'><strong>et</strong></span> <span class='ocrx_word' id='word_1_152' title='bbox 1218 2663 1226 2680; x_wconf 92' lang='lat'>&#39;</span> 
     </span>
    </p>
   </div>
   <div class='ocr_carea' id='block_1_10' title="bbox 179 2732 1128 3140">
    <p class='ocr_par' dir='ltr' id='par_1_14' title="bbox 179 2732 1128 2896">
     <span class='ocr_line' id='line_1_27' title="bbox 179 2732 1128 2817; baseline 0.005 -22"><span class='ocrx_word' id='word_1_153' title='bbox 179 2735 245 2814; x_wconf 90' lang='lat' dir='ltr'><strong>ipse</strong></span> <span class='ocrx_word' id='word_1_154' title='bbox 266 2753 340 2794; x_wconf 88' lang='lat' dir='ltr'><strong>cum</strong></span> <span class='ocrx_word' id='word_1_155' title='bbox 361 2732 503 2797; x_wconf 83' lang='lat' dir='ltr'><strong>fratribus</strong></span> <span class='ocrx_word' id='word_1_156' title='bbox 524 2734 689 2814; x_wconf 89' lang='lat' dir='ltr'><strong>multisque</strong></span> <span class='ocrx_word' id='word_1_157' title='bbox 708 2737 862 2814; x_wconf 80' lang='lat' dir='ltr'><strong>AEgyptiis</strong></span> <span class='ocrx_word' id='word_1_158' title='bbox 884 2748 1004 2815; x_wconf 88' lang='lat' dir='ltr'><strong>patrem</strong></span> <span class='ocrx_word' id='word_1_159' title='bbox 1017 2740 1128 2817; x_wconf 90' lang='lat' dir='ltr'><strong>depor-</strong></span> 
     </span>
     <span class='ocr_line' id='line_1_28' title="bbox 180 2812 647 2896; baseline -0.006 -19"><span class='ocrx_word' id='word_1_160' title='bbox 180 2814 255 2878; x_wconf 83' lang='lat' dir='ltr'><strong>tavit</strong></span> <span class='ocrx_word' id='word_1_161' title='bbox 269 2813 301 2875; x_wconf 89' lang='lat' dir='ltr'><strong>in</strong></span> <span class='ocrx_word' id='word_1_162' title='bbox 315 2813 473 2896; x_wconf 84' lang='lat' dir='ltr'><strong>regionem</strong></span> <span class='ocrx_word' id='word_1_163' title='bbox 487 2812 647 2876; x_wconf 85' lang='lat' dir='ltr'><strong>Chanaun.</strong></span> 
     </span>
    </p>

    <p class='ocr_par' dir='ltr' id='par_1_15' title="bbox 180 2893 1128 3140">
     <span class='ocr_line' id='line_1_29' title="bbox 222 2893 1128 2977; baseline -0.002 -17"><span class='ocrx_word' id='word_1_164' title='bbox 222 2895 271 2960; x_wconf 91' lang='lat' dir='ltr'><strong>lbi</strong></span> <span class='ocrx_word' id='word_1_165' title='bbox 286 2895 376 2961; x_wconf 85' lang='lat' dir='ltr'><strong>funus</strong></span> <span class='ocrx_word' id='word_1_166' title='bbox 390 2894 530 2958; x_wconf 85' lang='lat' dir='ltr'><strong>fecerunt</strong></span> <span class='ocrx_word' id='word_1_167' title='bbox 552 2915 625 2958; x_wconf 90' lang='lat' dir='ltr'><strong>cum</strong></span> <span class='ocrx_word' id='word_1_168' title='bbox 648 2915 761 2976; x_wconf 86' lang='lat' dir='ltr'><strong>magno</strong></span> <span class='ocrx_word' id='word_1_169' title='bbox 783 2893 921 2974; x_wconf 84' lang='lat' dir='ltr'><strong>planctu,</strong></span> <span class='ocrx_word' id='word_1_170' title='bbox 943 2905 975 2958; x_wconf 89' lang='lat' dir='ltr'><strong>et</strong></span> <span class='ocrx_word' id='word_1_171' title='bbox 997 2895 1128 2977; x_wconf 87' lang='lat' dir='ltr'><strong>sepelie-</strong></span> 
     </span>
     <span class='ocr_line' id='line_1_30' title="bbox 180 2975 1128 3060; baseline -0.002 -16"><span class='ocrx_word' id='word_1_172' title='bbox 180 2989 253 3044; x_wconf 89' lang='lat' dir='ltr'><strong>runt</strong></span> <span class='ocrx_word' id='word_1_173' title='bbox 274 2999 386 3060; x_wconf 89' lang='lat' dir='ltr'><strong>corpus</strong></span> <span class='ocrx_word' id='word_1_174' title='bbox 407 2978 439 3039; x_wconf 90' lang='lat' dir='ltr'><strong>in</strong></span> <span class='ocrx_word' id='word_1_175' title='bbox 462 2975 618 3058; x_wconf 70' lang='lat' dir='ltr'><strong>speluncis,</strong></span> <span class='ocrx_word' id='word_1_176' title='bbox 639 2978 691 3039; x_wconf 91' lang='lat' dir='ltr'><strong>ubi</strong></span> <span class='ocrx_word' id='word_1_177' title='bbox 712 2977 862 3058; x_wconf 86' lang='lat' dir='ltr'><strong>jacebant</strong></span> <span class='ocrx_word' id='word_1_178' title='bbox 883 2977 1075 3042; x_wconf 80' lang='lat' dir='ltr'><strong>Abrahamus</strong></span> <span class='ocrx_word' id='word_1_179' title='bbox 1096 2989 1128 3042; x_wconf 90' lang='lat' dir='ltr'><strong>et</strong></span> 
     </span>
     <span class='ocr_line' id='line_1_31' title="bbox 181 3058 832 3140; baseline -0.003 -18"><span class='ocrx_word' id='word_1_180' title='bbox 181 3061 318 3136; x_wconf 85' lang='lat' dir='ltr'><strong>isaacus,</strong></span> <span class='ocrx_word' id='word_1_181' title='bbox 332 3059 505 3140; x_wconf 88' lang='lat' dir='ltr'><strong>reversique</strong></span> <span class='ocrx_word' id='word_1_182' title='bbox 519 3069 591 3120; x_wconf 89' lang='lat' dir='ltr'><strong>sunt</strong></span> <span class='ocrx_word' id='word_1_183' title='bbox 605 3059 638 3122; x_wconf 90' lang='lat' dir='ltr'><strong>in</strong></span> <span class='ocrx_word' id='word_1_184' title='bbox 653 3058 832 3140; x_wconf 83' lang='lat' dir='ltr'><strong>AEgyptrun.</strong></span> 
     </span>
    </p>
   </div>
   <div class='ocr_carea' id='block_1_11' title="bbox 631 3198 681 3256">
    <p class='ocr_par' dir='ltr' id='par_1_16' title="bbox 631 3198 681 3256">
     <span class='ocr_line' id='line_1_32' title="bbox 631 3198 681 3256; baseline 0.02 -2"><span class='ocrx_word' id='word_1_185' title='bbox 631 3198 681 3256; x_wconf 81' lang='lat'><strong>79.</strong></span> 
     </span>
    </p>
   </div>
   <div class='ocr_carea' id='block_1_12' title="bbox 125 3313 1129 3546">
    <p class='ocr_par' dir='ltr' id='par_1_17' title="bbox 125 3313 1129 3546">
     <span class='ocr_line' id='line_1_33' title="bbox 224 3313 1128 3406; baseline 0.011 -28"><span class='ocrx_word' id='word_1_186' title='bbox 224 3313 377 3398; x_wconf 82' lang='lat' dir='ltr'><strong>Josephus</strong></span> <span class='ocrx_word' id='word_1_187' title='bbox 404 3314 480 3375; x_wconf 89' lang='lat' dir='ltr'><strong>vixit</strong></span> <span class='ocrx_word' id='word_1_188' title='bbox 507 3334 603 3376; x_wconf 84' lang='lat' dir='ltr'><strong>annos</strong></span> <span class='ocrx_word' id='word_1_189' title='bbox 629 3325 755 3380; x_wconf 88' lang='lat' dir='ltr'><strong>centum</strong></span> <span class='ocrx_word' id='word_1_190' title='bbox 776 3327 809 3382; x_wconf 90' lang='lat' dir='ltr'><strong>et</strong></span> <span class='ocrx_word' id='word_1_191' title='bbox 830 3320 950 3398; x_wconf 87' lang='lat' dir='ltr'><strong>decem,</strong></span> <span class='ocrx_word' id='word_1_192' title='bbox 972 3343 1128 3406; x_wconf 86' lang='lat' dir='ltr'><strong>qumnque</strong></span> 
     </span>
     <span class='ocr_line' id='line_1_34' title="bbox 182 3397 1129 3481; baseline 0.008 -19"><span class='ocrx_word' id='word_1_193' title='bbox 182 3407 266 3462; x_wconf 79' lang='lat' dir='ltr'><strong>erret</strong></span> <span class='ocrx_word' id='word_1_194' title='bbox 277 3399 369 3463; x_wconf 88' lang='lat' dir='ltr'><strong>morti</strong></span> <span class='ocrx_word' id='word_1_195' title='bbox 384 3397 546 3480; x_wconf 75' lang='lat' dir='ltr'><strong>promtius,</strong></span> <span class='ocrx_word' id='word_1_196' title='bbox 561 3400 743 3462; x_wconf 85' lang='lat' dir='ltr'><strong>convocavit</strong></span> <span class='ocrx_word' id='word_1_197' title='bbox 767 3401 874 3466; x_wconf 78' lang='lat' dir='ltr'><strong>fratrer</strong></span> <span class='ocrx_word' id='word_1_198' title='bbox 899 3425 980 3481; x_wconf 73' lang='lat' dir='ltr'><strong>tuos,</strong></span> <span class='ocrx_word' id='word_1_199' title='bbox 1004 3417 1037 3470; x_wconf 90' lang='lat' dir='ltr'><strong>et</strong></span> <span class='ocrx_word' id='word_1_200' title='bbox 1060 3407 1129 3470; x_wconf 86' lang='lat' dir='ltr'><strong>illos</strong></span> 
     </span>
     <span class='ocr_line' id='line_1_35' title="bbox 125 3477 770 3546; baseline 0.011 -8"><span class='ocrx_word' id='word_1_201' title='bbox 125 3483 127 3488; x_wconf 86' lang='lat'>&#39;</span> <span class='ocrx_word' id='word_1_202' title='bbox 184 3477 344 3544; x_wconf 80' lang='lat' dir='ltr'><strong>admonuit</strong></span> <span class='ocrx_word' id='word_1_203' title='bbox 356 3501 389 3544; x_wconf 85' lang='lat' dir='ltr'><strong>se</strong></span> <span class='ocrx_word' id='word_1_204' title='bbox 403 3479 486 3543; x_wconf 85' lang='lat' dir='ltr'><strong>brevi</strong></span> <span class='ocrx_word' id='word_1_205' title='bbox 500 3479 678 3545; x_wconf 88' lang='lat' dir='ltr'><strong>moriturum</strong></span> <span class='ocrx_word' id='word_1_206' title='bbox 692 3503 770 3546; x_wconf 87' lang='lat' dir='ltr'><strong>esse.</strong></span> 
     </span>
    </p>
   </div>
   <div class='ocr_carea' id='block_1_13' title="bbox 227 3556 1130 3647">
    <p class='ocr_par' dir='ltr' id='par_1_18' title="bbox 227 3556 1130 3647">
     <span class='ocr_line' id='line_1_36' title="bbox 227 3556 1130 3647; baseline 0.012 -23"><span class='ocrx_word' id='word_1_207' title='bbox 227 3556 306 3641; x_wconf 60' lang='lat' dir='ltr'><strong>Euo,</strong></span> <span class='ocrx_word' id='word_1_208' title='bbox 320 3561 428 3644; x_wconf 88' lang='lat' dir='ltr'><strong>inquit,</strong></span> <span class='ocrx_word' id='word_1_209' title='bbox 444 3563 509 3647; x_wconf 81' lang='lat' dir='ltr'><strong>jam</strong></span> <span class='ocrx_word' id='word_1_210' title='bbox 527 3559 643 3629; x_wconf 58' lang='lat' dir='ltr'><strong>&#39;morior</strong></span> <span class='ocrx_word' id='word_1_211' title='bbox 659 3587 666 3625; x_wconf 76' lang='grc' dir='ltr'><strong>ε</strong></span> <span class='ocrx_word' id='word_1_212' title='bbox 688 3562 773 3632; x_wconf 89' lang='lat' dir='ltr'><strong>Deus</strong></span> <span class='ocrx_word' id='word_1_213' title='bbox 787 3589 840 3632; x_wconf 77' lang='lat' dir='ltr'><strong>vor</strong></span> <span class='ocrx_word' id='word_1_214' title='bbox 854 3590 916 3633; x_wconf 90' lang='lat' dir='ltr'><strong>non</strong></span> <span class='ocrx_word' id='word_1_215' title='bbox 930 3571 1060 3644; x_wconf 78' lang='lat' dir='ltr'><strong>deseret,</strong></span> <span class='ocrx_word' id='word_1_216' title='bbox 1074 3571 1130 3636; x_wconf 85' lang='lat' dir='ltr'><strong>sed</strong></span> 
     </span>
    </p>
   </div>
   <div class='ocr_carea' id='block_1_14' title="bbox 0 0 1313 4180">
    <p class='ocr_par' dir='ltr' id='par_1_19' title="bbox 0 0 1313 4180">
     <span class='ocr_line' id='line_1_37' title="bbox 0 0 1313 4180; baseline 0 0"><span class='ocrx_word' id='word_1_217' title='bbox 0 0 1313 4180; x_wconf 95' lang='lat' dir='ltr'><strong> </strong></span> 
     </span>
    </p>
   </div>
  </div>
 </body>
</html>
