2590 4194
478 354 596 399 transm
620 353 811 407 concurrum.
1063 338 1124 400 133

159 500 300 598 inquiens,
328 525 397 565 nunt
418 504 517 588 produ
535 504 646 588 ficturo
673 527 712 582 es,
736 505 764 567 si
790 513 818 566 te
847 514 989 566 mercatus
1009 503 1125 586 suero?

159 595 257 663 eriam,
273 587 362 670 inquit
378 589 433 664 illa,
452 589 478 649 si
492 599 524 650 tu
545 611 605 651 non
622 589 723 671 fueris
737 598 898 664 mercatus;
920 589 1051 650 indicans
1059 607 1124 650 sese

158 689 217 730 non
232 671 261 730 in
276 671 448 754 cujusquam
471 674 589 755 gratiam
612 674 782 754 probitatem
804 693 931 749 servare,
946 673 998 733 sed
1021 687 1124 754 suopte

159 753 274 835 ingenio
289 755 421 816 virtutem
437 757 524 839 ipsius
540 755 629 838 gratiis
650 757 763 832 sectari,
779 755 858 839 quod
882 757 976 818 uirtus
991 755 1056 840 ipsa
1077 753 1126 817 sui

155 836 286 922 pretium
300 837 362 900 est.'

202 919 261 982 Lu.
285 921 448 983 Masculam
478 923 547 984 sane
570 945 674 985 vocem
700 924 787 985 edidit
812 924 917 1006 puella.
977 922 1125 985 Caetert'rm

159 1004 269 1085 insigne
285 1006 354 1066 mihi
371 1007 483 1068 videtur
497 1008 669 1089 exemplum
690 1008 824 1068 adversus
840 1007 981 1068 fortunam
1005 1007 1126 1090 quamli-

159 1088 209 1148 bet
224 1089 419 1149 blandientem
436 1091 612 1164 constantie,
629 1089 707 1173 qudd
732 1091 800 1151 ciun
822 1091 961 1172 Philippo
981 1091 1126 1152 Macedo·

159 1192 228 1231 num
252 1172 313 1252 regi
338 1189 393 1234 tres
414 1174 527 1235 eximie
552 1173 699 1235 felicitates
722 1174 826 1234 eodem
842 1174 888 1234 die
912 1174 1125 1250 nunciarentur,

159 1253 237 1336 quod
252 1255 281 1316 in
298 1255 445 1337 Olympiis
469 1257 591 1333 vicisset,
615 1256 695 1340 quod
718 1259 779 1318 dux
802 1256 948 1318 exercitiis
970 1257 1125 1319 Parmenio

158 1338 435 1420 praeliosuperdsset
449 1340 703 1424 Da1·danos‚qudd
718 1341 955 1422 uxorOfympias
969 1341 1125 1422 ipsifilium

158 1436 235 1482 esset
257 1423 355 1498 enixa,
378 1425 495 1485 sublatis
517 1425 544 1484 in
568 1427 676 1486 coelum
699 1425 829 1485 manibus
855 1441 990 1506 precatus
1015 1439 1068 1499 est,
1093 1438 1126 1486 ut

159 1503 245 1565 Deus
257 1515 368 1566 tuntum
376 1507 602 1590 prosperitatem
609 1517 764 1590 pateretur
775 1507 830 1569 leci
844 1507 983 1590 quopiam
997 1506 1126 1588 infortu-

160 1587 210 1648 nio
226 1589 351 1670 expiari.

202 1671 254 1732 At.
279 1671 378 1732 Hodie
392 1672 467 1732 nulla
483 1685 527 1732 est
541 1672 621 1734 tantri
634 1673 806 1754 prosperitas
820 1672 903 1756 cujus
917 1672 1049 1734 invidiam
1065 1695 1128 1736 me·

160 1768 223 1816 tuat
246 1755 386 1837 quispiam
398 1776 406 1829 ;
437 1755 487 1815 sed
513 1757 632 1837 perinde
656 1756 778 1840 jactant,
802 1756 826 1816 si
851 1756 921 1838 quid
945 1757 1126 1843 successerit,

161 1839 242 1934 quasi
262 1839 306 1899 vel
321 1852 435 1900 mortua
455 1839 500 1899 vel
515 1841 601 1902 surda
616 1854 693 1901 esset
706 1837 853 1901 Nemesis.
899 1838 973 1902 Haec
988 1841 1126 1902 merenda

160 1943 184 1982 sr
200 1922 281 1982 vobis
305 1922 409 2003 placet,
433 1922 480 1982 hic
502 1923 628 1983 hortulus
650 1944 716 1983 eam
738 1923 819 1988 vobis
842 1923 1126 2006 quotiesvoluerids

160 2003 320 2080 exhibebit,
336 2025 423 2086 quem
438 2005 495 2066 huc
520 2006 665 2089 colloquio
687 2027 744 2066 non
769 2006 864 2067 miuris
880 2005 1013 2090 jucundo
1038 2005 1126 2090 quim

161 2087 203 2148 fru
224 2087 295 2148 ifero
311 2087 435 2150 dicistis

202 2110 265 2233 iia.
288 2171 426 2232 Profecti)
448 2193 504 2233 nec
520 2172 641 2254 Apicius
663 2173 804 2255 potuisset
825 2173 937 2234 discum
960 2173 1125 2235 suaviorem

162 2275 318 2338 apponere.
363 2256 465 2328 Quare
488 2277 541 2316 nos
566 2257 735 2337 expectabis
757 2255 934 2338 frequenter,
957 2255 1046 2316 modo
1059 2256 1126 2318 boni

161 2339 294 2400 consulas
310 2340 388 2420 quod
407 2360 485 2400 nunc
508 2340 670 2416 attulimus;
691 2361 747 2399 non
775 2361 837 2420 qure
854 2339 946 2421 ,digna
968 2353 1049 2400 erant
1071 2339 1127 2400 tuis

161 2423 287 2496 auribus,
302 2422 354 2482 sed
378 2444 441 2505 quae
464 2444 522 2484 non
546 2423 748 2503 premeditatis
774 2435 915 2482 venerunt
936 2421 965 2484 iu
988 2435 1124 2484 mentem.

158 2505 294 2567 'Meditari
309 2505 430 2566 lautiora
443 2504 635 2586 proferemus.
808 2501 811 2508 ’

128 2603 130 2607 ’
204 2587 255 2650 At.
280 2586 350 2650 Ηὸο
365 2589 443 2650 eritis
458 2589 606 2670 gratiores,

551 2795 738 2804 -.———--

552 2923 635 2978 cOL.
658 2923 737 2976 VIIL

282 3055 447 3110 possmus,
470 3054 636 3107 erneisus,
659 3051 1014 3106 POLYGAMUS‚GLY010N.

208 3166 360 3228 Etuebius.
384 3167 470 3238 Quas
485 3187 576 3226 novas
588 3187 655 3226 aves
666 3163 714 3226 hic
724 3165 834 3226 video?
856 3163 921 3226 Nisi
933 3166 1046 3228 animus
1055 3165 1127 3229 fallit

164 3272 224 3326 me,
235 3265 283 3312 aut
296 3250 374 3312 oculi
385 3271 488 3331 parum
505 3248 692 3330 prospiciunt,
707 3248 792 3308 video
806 3262 863 3309 tres
878 3262 991 3310 veteres
1005 3271 1127 3330 conger-

165 3354 249 3394 rones
264 3353 347 3394 meos
361 3333 554 3406 consrdenteS,
569 3331 749 3413 Pampirum,
758 3330 953 3413 Polygamum
965 3344 995 3392 et
1005 3331 1127 3413 Glycio-

164 3436 243 3482 nem.
288 3413 380 3476 Certe
395 3427 460 3478 sunt
475 3413 538 3494 ipsi.

201 3495 373 3579 Pampirus.
390 3495 474 3568 Quid
485 3495 534 3556 tibi
544 3495 586 3555 vis
596 3516 665 3556 cum
675 3495 729 3557 tuis
741 3495 835 3556 vitreis
845 3493 945 3571 oculis,
956 3493 1127 3559 fascinator?

167 3577 357 3662 Congredere
371 3578 502 3721 propi2bs,
517 3576 636 3646 Eusebi.
