2590 4194
188 355 250 416 142
335 345 337 352 ’
503 364 622 410 mern
644 365 835 420 comosum.

233 505 283 571 al.
307 507 400 593 Atqui
414 510 582 592 complures
597 511 635 574 eb
657 531 690 573 se
704 510 845 595 dejiciunt
859 523 891 573 ut
904 509 1021 572 suavibs
1039 510 1150 572 vivant.

228 593 287 690 Iffa.
312 593 440 656 Corraso
468 594 614 674 viaticum,
639 593 736 657 firrtim
767 615 817 656 me
845 594 980 656 subduxi.
1001 595 1102 678 procul
1133 615 1152 656 a

186 676 290 761 patrui.

235 761 286 824 Gl.
310 760 384 834 Qud
399 761 536 824 tandem?

228 845 287 907 Pa.
311 845 345 906 In
361 845 542 908 Hiberniam.
565 844 629 908 Illic
644 845 737 908 sactus
747 867 813 908 sum
827 845 985 908 canonicus
997 866 1036 906 ex
1047 845 1151 908 horum

186 949 293 1012 genere
308 928 357 1072 Ἆιιί
372 927 484 990 extime
499 929 568 990 linei
582 944 657 1006 sunt,
673 929 773 992 intime
788 929 872 990 lanei.

233 1011 283 1074 Gl.
359 1013 398 1073 ud
413 1011 560 1074 Hibernos
575 1013 661 1095 igitur
674 1012 865 1096 hybernbsti?

228 1095 289 1158 Po.
312 1034 402 1174 bdbn3
425 1096 477 1157 sed
492 1096 565 1158 duos
590 1119 706 1158 menses
720 1099 800 1180 apud
824 1097 877 1158 bos
903 1111 1045 1174 versatus,
1070 1097 1154 1158 navi-

185 1179 251 1260 gavi
265 1180 294 1241 in
309 1179 450 1242 Scotiam.

233 1261 284 1325 Gl.
308 1261 392 1334 Quid
407 1277 436 1324 te
452 1263 573 1324 offendit
587 1263 664 1344 apud
679 1263 762 1325 illos?

226 1345 289 1407 Pa.
312 1345 405 1420 Nihil,
431 1345 482 1407 nisi
508 1345 587 1426 quaid
615 1347 777 1408 institutum
803 1345 872 1406 illud
903 1347 972 1407 mibi
999 1348 1154 1410 videbatur

184 1429 281 1491 mitius
295 1429 383 1513 quim
398 1450 451 1512 pro
467 1428 575 1490 meritis
586 1427 658 1512 ejus,
671 1429 719 1512 qui
734 1451 793 1490 non
804 1450 863 1490 uno
878 1431 1035 1511 suspendio
1047 1432 1159 1514 dignus

186 1527 258 1574 erat.

229 1595 289 1659 Eu.
313 1595 397 1669 Quid
411 1595 441 1658 iu
456 1595 560 1661 Scotia
573 1596 756 1679 designatum
771 1597 838 1658 est?

227 1681 287 1744 Pa.
310 1679 374 1744 Illic
389 1703 429 1742 ex
443 1680 522 1742 lineo
532 1679 626 1742 factus
641 1701 705 1741 sum
717 1679 856 1762 pelliceus
868 1680 946 1763 apud
957 1679 1140 1743 Carthasios.

141 1835 144 1842 .
227 1763 290 1828 Eu.
315 1764 460 1827 Homines
474 1763 562 1861 plane
577 1763 688 1826 mundo
701 1777 839 1825 mortuos.

227 1847 290 1912 Pa.
311 1847 358 1909 lut
372 1848 443 1910 mihi
459 1869 553 1912 visum
567 1862 623 1924 est,
638 1847 707 1910 crim
722 1846 854 1910 audirem
869 1847 933 1908 illos
946 1861 1092 1910 canentes.

232 1930 282 1993 (Η.
306 1930 408 2003 Quid!
431 1947 540 1996 canunt
555 1932 643 1995 etiam
657 1931 784 1993 mortui?
827 1929 911 2004 Quot
922 1950 1051 1996 'meuses
1071 1932 1151 2015 apud

185 2017 248 2078 illos
262 2014 344 2097 egisti
359 2013 485 2075 Scotus?

227 2098 289 2163 Pa.
312 2096 534 2179 Propemodum
549 2120 615 2160 sex.

231 2179 282 2244 Gt.
305 2179 336 2243 Ο
351 2182 561 2245 constantiam!

227 2265 290 2330 Eu.
315 2264 400 2340 Quid
414 2265 471 2328 illic
486 2266 631 2330 offendit?

228 2351 287 2415 Po.
312 2350 394 2424 Quia
412 2349 484 2412 mihi
507 2351 568 2414 visa
583 2365 627 2414 est
641 2351 701 2414 vita
714 2352 811 2435 segnis
825 2373 859 2414 ac
880 2351 1023 2430 delicata3
1045 2352 1151 2414 deinde

185 2439 292 2502 multos
306 2436 364 2499 illic
378 2435 473 2519 reperi
487 2457 546 2498 non
560 2435 721 2497 admodum
735 2435 796 2497 sani
819 2434 941 2510 cerebri,
963 2435 1001 2496 ob
1025 2436 1151 2498 solitudi-

185 2543 266 2600 nem,
280 2536 313 2584 ut
330 2519 461 2582 arbitmr.
505 2519 581 2582 Mihi
596 2518 700 2602 parium
734 2533 797 2582 erat
819 2518 943 2596 cerebri,
967 2520 1089 2582 verebar
1113 2541 1151 2582 ne

184 2617 279 2667 totum
295 2603 409 2686 periret.
775 2654 785 2672 ,

225 2687 284 2749 Ρο.
309 2683 383 2755 Qud
398 2683 505 2746 deinde
520 2682 685 2746 devoldsti?

226 2767 287 2830 Pa.
309 2765 344 2826 In
370 2764 503 2826 Galbam.
549 2765 610 2826 lilio
634 2765 730 2846 reperi
755 2767 897 2846 quosdam
919 2781 994 2828 totos
1015 2769 1151 2848 pullatos,

184 2875 225 2915 ex
239 2849 370 2912 instituto
384 2846 443 2909 divi
464 2845 631 2923 Benedicti,
647 2847 696 2930 qui
718 2847 817 2910 colore
842 2849 929 2910 vestis
953 2863 1093 2911 testantur
1117 2874 1151 2914 se

184 2938 284 3034 lugere
299 2934 328 2996 in
338 2933 395 2994 hoc
410 2931 542 3010 mund03
564 2944 594 2993 et
615 2931 691 2994 inter
712 2931 767 2993 hos
788 2931 837 3016 qui
851 2953 904 3016 pro
928 2930 1045 2994 summa
1067 2949 1150 2996 veste
1216 2989 1221 2996 .

184 3020 310 3084 cilicium
324 3015 432 3080 serrant
445 3016 498 3078 reti
512 3015 615 3078 simile.

232 3101 283 3166 Gl.
306 3101 336 3162 Ο
352 3120 471 3184 gravem
486 3100 616 3182 eorporis
630 3099 880 3163 macerationem!

227 3187 288 3254 Pa.
312 3183 373 3247 Hic
388 3183 434 3266 egi
449 3205 566 3246 menses
582 3183 728 3245 undecim.

226 3271 289 3336 Eu.
313 3267 397 3341 Quid
412 3267 529 3342 obstitit,
545 3265 603 3350 qud
619 3267 713 3328 minbs
727 3267 784 3330 illic
799 3285 933 3330 maneres
948 3267 1116 3350 perpetuo?

227 3355 288 3419 Pu.
312 3352 394 3426 Quia
416 3351 483 3434 plus
498 3351 556 3413 illic
580 3350 674 3432 reperi
700 3351 939 3413 ceremoniarum
961 3349 1049 3433 quarn
1075 3374 1150 3414 verae

184 3440 308 3528 pietatis.
373 3435 520 3497 Preterea
550 3434 698 3496 audieram
731 3455 796 3496 esse
823 3433 963 3518 quosdam
989 3434 1033 3496 his
1058 3435 1150 3496 multd

184 3521 353 3593 sanctiores,
368 3539 441 3602 quos
455 3517 623 3580 Bernardus
646 3517 683 3578 ad
706 3519 881 3580 severiorem
904 3517 1083 3600 disciplinam
1105 3539 1150 3580 re·

185 3599 328 3672 vocasset,
344 3599 425 3679 pulla
449 3615 530 3662 veste
551 3598 663 3661 mutata
676 3600 705 3662 in
726 3601 898 3663 candidam:
921 3601 1000 3684 apud
1015 3602 1069 3665 bos
1089 3601 1151 3665 vixi

185 3697 302 3744 menses
318 3681 431 3744 decem.

228 3756 291 3820 Eu.
315 3757 375 3819 Hic
391 3762 460 3840 quid
475 3764 661 3827 offendebat?
