2570 4180
532 367 535 370 ’
630 409 684 480 aa

200 581 203 590 ’
226 589 287 656 Die
301 585 443 676 (puidam,
463 609 558 672 quum
579 589 741 684 publicum
761 587 937 652 convivium
961 587 1136 655 celebrare·

186 685 245 751 tur,
260 677 440 740 Sarnsonem
454 673 567 736 adduci
579 673 701 756 jubent.

111 807 114 820 .
227 759 355 836 Domus,
370 759 401 822 in
415 758 476 838 qud
490 756 589 820 omnis
603 756 736 838 populus
759 765 791 818 et
813 753 970 836 principes
984 754 1136 818 Philistae-

184 862 272 904 orum
286 841 501 924 epulabantur,
515 839 647 902 subnixa
660 849 727 904 erat
740 838 861 902 duabus
875 837 1029 902 columnis
1048 839 1134 902 mirae

184 925 417 1008 magnitudinis.

226 1009 391 1071 Adductus
406 1008 537 1071 Samson
551 1007 630 1070 inter
644 1006 804 1070 columnas
818 1004 972 1067 statuitur.

225 1092 309 1156 'llam
336 1091 400 1169 ille,
422 1091 586 1154 occasione
608 1102 708 1166 utens,
732 1089 892 1152 columnas
913 1089 1080 1165 concussit,
1102 1099 1136 1152 et

133 1223 139 1230 -
184 1177 276 1240 turba
289 1176 388 1239 omnis
402 1175 513 1239 obmta
526 1184 575 1238 est
588 1174 677 1237 minis
696 1173 814 1248 demde,
829 1170 980 1252 simulque
1002 1171 1135 1235 Samson

184 1261 251 1344 ipse
265 1280 338 1324 cum
352 1258 491 1322 hostibus
505 1278 568 1322 non
582 1255 697 1320 inultus
711 1254 871 1318 occubuit.

625 1364 696 1422 103.

226 1459 336 1530 Quum
356 1459 430 1524 Heli
451 1469 534 1522 esset
554 1479 689 1520 summus
702 1457 857 1534 sacerdos,
871 1467 961 1520 natus
979 1467 1026 1520 est
1045 1457 1136 1520 Sam-

182 1543 256 1608 uel:
286 1543 370 1607 hunc
402 1543 530 1606 adduxit
554 1553 651 1604 mater
672 1541 713 1603 ad
733 1541 938 1616 sacerdotem,
960 1550 993 1604 et
1020 1541 1136 1604 obtulit

183 1627 318 1692 Domino
332 1639 367 1692 ut
379 1627 409 1692 ei
424 1627 455 1690 in
466 1625 626 1690 sacrificiis
640 1624 790 1688 faciendis
802 1623 997 1686 ministraret.

226 1711 308 1776 Puer
328 1712 502 1787 crescebat,
529 1709 658 1793 egregii
685 1707 831 1790 preditus
862 1705 978 1784 indole,
1004 1716 1133 1788 eratque

182 1793 254 1859 Deo
267 1806 300 1860 ct
312 1794 489 1858 hominibus
502 1813 612 1856 carus:
631 1792 682 1854 cui
696 1802 794 1864 mater
808 1811 864 1853 sua
877 1790 970 1853 certis
987 1790 1133 1872 tempori-

182 1877 242 1938 bus
256 1877 407 1938 afferebat
420 1895 544 1956 parvam
558 1876 705 1950 tunicam,
721 1894 813 1953 quam
828 1874 896 1956 ipsa
910 1873 1098 1937 confecerat.

224 1957 298 2020 Heli
320 1977 393 2019 vcro
416 1957 553 2019 habebat
575 1956 655 2019 lilios
680 1957 807 2038 perditis
830 1956 977 2034 moribus,
997 1957 1075 2020 aded
1096 1967 1131 2021 ut

181 2039 331 2121 populum
345 2058 365 2101 a
378 2039 512 2102 colendo
530 2039 599 2103 Deo
620 2041 822 2117 abducerent,
835 2061 895 2104 nec
910 2041 985 2104 satis
998 2041 1131 2124 graviter

181 2142 237 2186 eos
250 2142 386 2202 unquam
399 2121 607 2204 reprehendit.

223 2205 439 2276 Quamobrem
453 2205 540 2269 Deus
553 2217 620 2271 erat
633 2217 666 2271 et
679 2205 785 2270 liberis
799 2217 832 2271 et
845 2207 925 2291 patri
939 2207 1043 2274 iratus.

626 2315 695 2374 104.

223 2411 371 2490 Quadam
385 2407 489 2490 nocte,
503 2433 599 2494 quum
610 2413 730 2498 jaceret
743 2414 817 2478 Heli
839 2413 871 2478 in
893 2413 1021 2491 lectulo,
1036 2414 1130 2478 Dom-

180 2494 250 2559 inus
271 2496 393 2559 vocavit
415 2496 602 2574 Samuelem,
624 2497 688 2579 qui,
712 2511 796 2561 ratus
819 2518 852 2560 se
866 2518 886 2560 a
900 2499 1062 2562 sacerdote
1083 2517 1130 2560 ar·

179 2578 271 2652 cessi,
285 2579 432 2654 cucurrit,
446 2578 606 2658 dixitque:
626 2601 667 2644 en
688 2581 815 2658 adsum3
836 2581 952 2644 vocasti
972 2581 1055 2643 enim
1068 2600 1128 2642 me.

221 2658 266 2718 At
279 2657 375 2718 Heli:
395 2679 459 2719 non
472 2670 503 2720 te
518 2663 637 2734 vocavi,
651 2662 760 2739 inquit,
776 2663 819 2722 lili
841 2663 904 2736 mi;
924 2673 1076 2724 revertere
1098 2663 1130 2724 in

179 2734 331 2798 lectulum
346 2746 443 2798 tuum.
487 2739 586 2816 quue
601 2740 711 2800 iterum
725 2752 758 2800 et
772 2741 861 2800 tertio
876 2741 1065 2802 factumest.

220 2816 365 2882 Tandem
386 2817 585 2898 praemonitus
610 2839 629 2883 a
654 2820 814 2879 sacerdote
830 2817 956 2876 Samuel
971 2823 1130 2897 respondit

178 2899 248 2965 Deo
275 2899 421 2964 vocanti:
457 2901 593 2982 loquere,
621 2897 755 2973 domine,
791 2896 877 2958 audit
912 2895 995 2958 enim
1023 2919 1128 2961 servus

179 2995 262 3048 tuus.

154 3089 178 3149 .‘
219 3067 304 3128 'l'rrm
317 3067 404 3129 Deus
425 3064 562 3143 Samueli
576 3087 584 3126 :
605 3070 675 3146 ego,
691 3061 743 3138 ait,
765 3061 899 3126 afficiam
912 3064 1038 3126 domum
1052 3063 1127 3128 Heli

177 3145 216 3208 iis
236 3146 337 3221 malis,
351 3167 422 3226 quae
436 3165 529 3209 nemo
543 3147 649 3208 audire
664 3145 770 3225 possit,
790 3146 865 3226 quin
879 3147 909 3209 ei
923 3145 1023 3208 ambae
1038 3169 1127 3211 aures

178 3229 322 3304 tinniant,
350 3239 514 3310 propterea
537 3228 619 3307 quod
651 3227 683 3288 in
705 3225 818 3292 liberos
847 3249 918 3290 suos
940 3226 1007 3309 plirs
1035 3252 1126 3312 aequo

178 3311 343 3396 indulgens
373 3310 474 3387 merit,
501 3308 685 3392 illorumque
716 3310 791 3374 vitia
821 3310 947 3373 nimiinn
974 3313 1127 3393 patienter

177 3395 293 3462 tulerit
1048 3411 1055 3418 ·

618 3481 688 3539 105.

221 3573 345 3637 Arctior
372 3577 486 3641 deinde
513 3593 638 3637 somnus
669 3573 847 3640 Samuelem
867 3574 1047 3660 complexus
1066 3586 1124 3655 est,

178 3654 232 3738 qui
245 3655 389 3721 donnivit
402 3679 499 3740 usque
513 3657 614 3722 mane.
