2590 4194
642 303 818 426 aa'

192 535 335 616 discerc3
356 533 523 611 Queillin,
537 533 647 615 inquit,
661 533 715 596 ubi
730 533 770 596 ad
786 532 904 598 virilem
927 541 1055 598 {etatem
1077 554 1147 616 per·

192 621 343 697 venerint,
357 619 426 681 usui
441 628 512 680 sunt
525 617 638 680 sutura.

236 702 401 777 Hercules,
415 702 487 764 cirm
511 701 643 783 primlrm
666 700 862 782 pubesceret,
884 700 961 763 exiit
985 700 1017 762 in
1039 701 1147 762 solitu-

193 785 308 861 dinem,
323 796 416 866 atque
435 785 479 847 ibi
501 784 612 846 sedens
636 785 690 846 diu
714 805 821 845 secum
842 784 1034 863 multumque
1056 783 1148 845 dubi-

193 869 280 945 tavit,
294 869 366 932 clun
379 868 457 929 duas
471 877 613 929 cameret
626 867 700 942 vias,
714 887 809 929 unam
822 867 1000 949 voluptatis,
1016 867 1147 928 alteram

193 951 322 1028 virtutis,
336 961 436 1013 utram
450 949 571 1034 ingredi
586 950 696 1012 melius
710 959 801 1012 esset.

236 1075 327 1140 Utin
351 1075 478 1138 senibus
502 1073 662 1150 sobrietas,
684 1083 717 1136 et
740 1095 859 1137 momm
881 1073 1031 1156 perfectio
1045 1075 1148 1155 requi·

194 1158 290 1238 ritur;
311 1159 355 1222 ita
368 1159 401 1222 in
426 1157 678 1220 adolescentibus
702 1157 848 1219 honestus
872 1157 972 1238 pudor
993 1169 1026 1220 et
1039 1158 1148 1220 obedi-

194 1243 289 1307 entia.

237 1327 348 1390 Honor
362 1324 595 1388 adolescentum
609 1333 657 1385 est
675 1321 755 1400 Deo,
770 1323 959 1405 parentibus,
974 1334 1006 1387 et
1020 1324 1148 1386 seniori-

193 1408 253 1472 bus
274 1409 423 1472 honorem
444 1407 585 1486 deferre3
607 1406 793 1484 castitatem,
818 1406 1027 1485 clementiam,
1041 1419 1075 1470 et
1094 1411 1148 1470 ve-

193 1492 374 1556 recundiam
389 1491 504 1554 colere.
836 1559 838 1564 s
944 1509 947 1516 “

236 1575 331 1657 Apud
353 1573 610 1638 Lacedaemenios
632 1573 735 1636 scelus
759 1582 826 1636 erat
846 1573 993 1657 juvenem
1014 1595 1078 1636 non
1099 1595 1148 1636 as-

193 1659 359 1722 surrexisse
374 1659 451 1722 seni.

237 1742 499 1807 Adolescentibus
512 1739 596 1804 boni
614 1741 720 1806 indole
734 1740 872 1825 praeditis
887 1741 1042 1824 sapientes
1057 1737 1146 1804 senes'

192 1826 399 1890 delectantur.

235 1908 362 1972 Juvenis
376 1907 516 1971 laborem
532 1927 680 1972 recusans
702 1907 734 1972 in
757 1918 919 1975 senectute
933 1908 1072 1974 miseret
1093 1929 1146 1973 ca-

192 1990 352 2056 lamitosus
366 1991 435 2054 erit.

562 2090 778 2148 SAPIENTIA.

235 2177 293 2242 Est
317 2176 471 2260 sapientia
494 2175 593 2258 prima
624 2177 754 2241 stultitia
781 2179 927 2242 caruisse.
985 2179 1146 2262 Sapientia

192 2279 240 2325 ars
254 2261 377 2325 vivendi
391 2271 449 2338 est,
464 2281 534 2342 quae
549 2281 606 2322 nos
621 2281 641 2322 a
654 2261 818 2326 libidinum
840 2263 967 2346 impetu,
988 2273 1020 2328 et
1042 2263 1145 2327 formi-

191 2345 300 2410 dinum
313 2357 427 2410 terrore
442 2344 590 2408 vindicat.

234 2430 307 2495 Hoc
330 2431 418 2507 scito,
441 2427 597 2494 neminem
621 2449 712 2511 posse
735 2430 818 2494 bene
840 2430 951 2510 vivere,
975 2431 1042 2496 sine
1064 2431 1145 2514 sapi-

191 2515 285 2579 entias
301 2515 413 2578 studio.

235 2598 368 2679 Sapiens
381 2597 458 2660 nihil
474 2596 604 2660 fortunae
620 2597 729 2676 credit,
744 2609 909 2662 contentus
931 2601 1052 2677 virtute,
1071 2620 1143 2682 quae

191 2678 303 2761 opibus
317 2701 380 2740 non
395 2680 524 2760 indiget.

233 2761 405 2822 Maximum
428 2761 578 2824 indicium
603 2763 764 2844 sapientiae
789 2775 846 2840 est,
870 2773 905 2827 ut
926 2765 1027 2826 verbis
1049 2787 1144 2846 opera

190 2845 393 2908 concordent.

234 2927 391 3010 Sapientis
404 2947 493 2990 mens
506 2947 570 2990 non
584 2927 781 2991 incurvatur:
803 2939 863 2992 stat
877 2939 980 2992 rectus
993 2928 1051 2990 sub
1066 2949 1143 3010 quo-

191 3011 269 3076 libet
280 3012 427 3094 pondere.

90 3169 93 3176 y
232 3097 310 3157 Non
324 3095 422 3157 sollun
446 3098 518 3157 cum
533 3116 625 3158 vacas
640 3095 792 3177 sapientia
806 3097 941 3160 colenda
954 3105 1023 3177 est3
1037 3097 1143 3160 omnia

190 3174 252 3240 alia
266 3187 337 3239 sunt
351 3176 542 3259 negligenda
556 3189 590 3240 ut
604 3179 633 3241 ei
649 3179 846 3242 assideamus.

231 3261 335 3324 Mater
348 3260 485 3322 omnium
499 3261 651 3323 bonarum
666 3283 767 3324 rerum
781 3274 829 3325 est
843 3263 1005 3345 sapientia,
1020 3263 1081 3345 qud
1096 3263 1142 3326 ni-

189 3343 234 3408 hil
248 3365 268 3408 a
283 3343 581 3408 diisimmortatibus
596 3346 792 3425 praestantius
807 3347 923 3410 homini
940 3349 1048 3418 datum
1061 3358 1119 3411 est.

512 3449 784 3508 CONSGIENTIA.

230 3540 431 3606 Conscientia
443 3539 525 3602 bene
540 3549 620 3610 actae
635 3539 707 3603 vitae
719 3541 942 3624 jucundissima
956 3553 1013 3607 est.

231 3620 320 3685 Bona
339 3623 533 3686 conscientia
557 3623 679 3705 prodire
694 3627 760 3688 vult
773 3637 806 3690 et
819 3627 980 3710 conspici:
1002 3626 1142 3708 nequitia

1275 1064 1279 1103 l

1274 1314 1286 1563 l

1170 2061 1175 2068 ,
1280 1763 1286 2014 l
