2590 4194
484 401 602 444 aaasm
625 397 817 452 coanooma'.
1072 385 1134 445 113

210 542 268 606 Pe.
294 545 356 606 Sed
370 557 402 606 tu
416 545 486 607 mihi
500 547 600 608 ridere
613 547 741 609 cochleae
752 547 840 608 vitam
855 565 952 633 agere.

212 625 262 688 Jo.
279 627 344 700 Qut
357 628 420 690 sic?
832 679 834 686 .

212 709 269 771 Pe.
294 711 373 783 Quia
387 711 530 794 perpetuo
544 711 622 774 domi
647 712 749 788 latitas,
764 733 820 774 nec
845 732 968 794 usquam
992 711 1131 794 prorepis.

171 791 237 853 Nec
251 795 335 855 sectis
350 808 438 877 atque
459 795 580 855 claudus
595 809 685 871 sutor,
697 794 804 878 jugiter
819 795 898 860 domi
913 793 1040 855 desides.
1083 793 1133 854 Tu

169 875 219 936 tibi
234 876 312 937 domi
327 877 413 938 situm
427 879 584 939 contrahis¹
687 918 689 922 ·

214 955 261 1019 Jo.
279 959 334 1020 Est
343 961 420 1042 quod
429 982 513 1042 agam
522 960 611 1037 domi,
624 957 690 1021 soris
701 960 772 1020 nihil
781 972 825 1020 est
834 959 947 1040 negotii.
979 958 1053 1019 Etsi
1065 958 1134 1040 quid

170 1053 258 1116 esset,
272 1055 373 1103 tamen
390 1044 448 1104 hoc
466 1045 575 1104 coelum
593 1065 642 1104 me
661 1043 723 1103 dies
746 1043 854 1124 aliquot
878 1062 896 1101 a
916 1042 1033 1124 publico
1054 1041 1134 1102 cohi-

170 1123 288 1185 buisset.
410 1179 415 1183 ,

211 1203 270 1268 Pe.
297 1207 338 1268 At
361 1230 438 1270 nunc
459 1208 566 1269 sudum
588 1221 642 1284 est,
658 1221 688 1269 et
701 1208 801 1269 invitat
821 1207 857 1268 ad
880 1205 1133 1266 deambulandum.

169 1285 247 1350 Vide
264 1303 297 1351 ut
311 1291 464 1352 blanditur.

212 1371 261 1434 Jo.
279 1373 311 1433 Si
325 1374 568 1454 prodeambulare
583 1374 673 1448 lubet,
689 1395 747 1434 non
763 1393 878 1434 recuso

211 1453 271 1515 Pe.
294 1453 389 1515 Plane
405 1456 519 1516 videtur
533 1457 591 1517 hoc
606 1457 748 1517 utendum
762 1457 849 1517 coelo.

212 1535 262 1597 Jo.
286 1537 484 1610 Asciscendus
499 1552 543 1598 est
556 1559 631 1598 unus
646 1552 696 1599 aut
710 1540 781 1599 alter
794 1559 944 1622 congerro.

213 1617 271 1680 Pe.
295 1618 373 1693 Fiet,
388 1619 478 1680 modo
492 1620 570 1688 dicas
586 1641 659 1701 quos
673 1620 754 1680 velis.

213 1700 263 1762 Jo.
287 1701 372 1772 Quid
393 1702 417 1762 si
438 1701 617 1782 Hugonemi
764 1760 768 1766 .

214 1781 272 1844 Pe.
296 1783 386 1844 Haud
402 1784 525 1844 multum
540 1783 659 1846 interest
673 1783 749 1845 inter
763 1783 921 1866 Hugouem
936 1796 966 1846 et
980 1804 1136 1866 nugonem.

215 1863 264 1926 Jo.
288 1865 365 1947 Age,
380 1867 485 1947 placet.
670 1917 674 1924 .

214 1946 271 2008 Pe.
288 1947 370 2018 Quid
381 1948 404 2009 si
415 1948 577 2008 Alardum?

214 2027 263 2091 Jo.
287 2029 387 2090 Homo
398 2029 518 2091 minime
532 2044 629 2092 mutus
640 2045 691 2093 est.
737 2031 817 2104 Quid
834 2033 949 2094 auribus
963 2032 1137 2094 diminutum

172 2124 226 2187 est,
241 2111 339 2194 lingua
353 2125 465 2208 pensat.
521 2141 523 2145 ·

213 2194 269 2257 Pe.
288 2195 321 2256 Si
336 2196 491 2272 vrdebitur,
507 2195 643 2258 Naevium
658 2197 859 2280 adjungemus.

214 2277 262 2341 Jo.
289 2278 441 2360 Siquidem
452 2278 566 2338 dabitur
577 2279 651 2340 illius
662 2281 747 2361 copia
757 2301 905 2360 nunquam
912 2279 967 2339 erit
977 2277 1137 2341 fabularum

171 2361 277 2442 inopia.
323 2359 448 2422 Placent
462 2359 679 2436 confabulones,
694 2374 827 2442 superest
841 2374 874 2420 ut
884 2362 981 2420 locum
1005 2360 1138 2442 dispicias

173 2465 332 2505 amoenum.

214 2525 270 2588 Pe.
295 2525 361 2607 Ego
386 2525 458 2586 verb
482 2525 533 2586 tibi
557 2525 652 2586 locum
679 2524 840 2600 ostendam,
862 2524 990 2585 ubi‘nec
1012 2525 1140 2586 nemoris

172 2609 317 2682 umbram,
331 2629 386 2668 nec
401 2621 547 2688 pratorum
562 2607 775 2690 smaragdinum
790 2607 925 2681 virorem,
939 2628 995 2668 nec
1017 2607 1139 2668 sontium

173 2692 255 2752 vivas
290 2691 436 2752 scatebras
459 2689 642 2752 desiderabis.
708 2689 801 2752 Dices
830 2690 946 2772 diguam
974 2689 1065 2752 musis
1092 2711 1140 2752 se·

173 2774 251 2835 dem.
278 2774 280 2780 '

215 2855 264 2918 Jo.
288 2853 447 2939 Magnifice
462 2855 613 2939 polliceris.

214 2938 270 3000 Pe.
294 2939 427 3000 Nimium
442 2941 546 2999 affixus
572 2959 604 2998 es
629 2937 715 2998 libris.
761 2937 893 2998 Nimium
917 2937 1027 2996 assides
1051 2937 1138 2998 libris.

172 3019 336 3081 Immodico
349 3021 445 3081 studio
459 3021 584 3101 teipsum
598 3030 739 3080 maceras,

217 3100 266 3163 Jo.
289 3101 392 3162 Malim
407 3103 503 3163 studio
517 3121 699 3162 macrescere
715 3100 801 3183 quam
817 3121 925 3162 amore.

216 3181 274 3245 Pe.
298 3184 339 3245 At
356 3205 416 3244 non
431 3185 498 3244 ideo
513 3184 639 3245 vivimus
653 3196 686 3243 ut
701 3185 879 3260 studeamus,
894 3182 946 3245 sed
960 3183 1028 3246 ideo
1042 3183 1141 3246 stude-

175 3287 241 3328 mus
255 3279 288 3328 ut
301 3267 429 3327 suaviter
444 3266 584 3327 vivamus.

219 3346 268 3410 J0.
284 3347 362 3409 Mihi
376 3347 447 3408 verb
469 3349 516 3408 vel
538 3348 652 3410 immori
673 3348 779 3410 chartis
799 3348 886 3409 dulce
908 3361 961 3408 est.

217 3429 276 3492 Pe.
309 3429 458 3572 Eguidem
492 3430 638 3492 immorari
673 3431 776 3513 probo,
804 3430 918 3490 immori
945 3449 1003 3490 non
1038 3426 1141 3510 probe.

176 3513 294 3660 Eeguid
309 3533 347 3573 vo
358 3513 451 3594 uptati
466 3510 520 3573 suit
535 3513 598 3575 hac
613 3513 830 3575 deambulatio?
995 3525 998 3532 ’

242 3617 268 3659 o.
292 3594 346 3656 Me
362 3595 482 3740 quligegn
498 3596 689 3660 vehementer
702 3593 868 3662 oblectavit.
923 3685 968 3701 ....
