2590 4194
637 345 684 414 80

220 526 355 592 Arbores
368 535 423 590 out
435 523 553 588 semino
567 522 762 608 proveniunt,
777 532 832 586 aut
849 531 1001 588 consecto
1014 522 1132 588 arboria

177 620 321 757 trupppm
334 692 479 757 cialestes
498 691 556 754 nisi
572 689 637 754 sola
652 691 781 754 adverso
794 711 858 754 non
873 689 972 771 fiunt3
992 711 1053 754 nec
1074 712 1131 754 un-

179 797 272 858 quam
286 777 344 840 nisi
359 776 478 838 dimidii
493 774 604 838 circuli
618 774 725 838 forms.

199 942 205 954 ¹
221 859 375 923 Arborum
389 859 457 920 aliis
471 859 622 922 decidunt
643 857 726 934 folia,
741 856 811 920 aliae
830 857 1018 939 sempiterni
1041 858 1131 922 comi

178 955 401 1109 νΠῗιιιῖἰέοῑιπιιῐι
436 1025 518 1107 priirs
549 1025 687 1088 cernitur
717 1025 810 1106 quim
840 1024 971 1087 tonitrus
999 1025 1130 1103 auditur,

177 1128 274 1190 quum
289 1108 379 1170 simul
395 1110 480 1171 fiant.

221 1192 297 1256 Sola
311 1191 413 1254 laurus
427 1191 554 1254 fulmine
569 1213 632 1254 non
647 1191 748 1255 icitur.

220 1276 317 1339 Poma
337 1296 376 1339 err
394 1276 565 1352 arboribus,
590 1276 615 1338 si
638 1286 710 1338 sunt
733 1277 839 1351 cruda,
854 1277 884 1338 vi
899 1275 1082 1353 avelluntur,
1104 1276 1131 1340 si

175 1357 307 1437 matura,
321 1359 481 1422 decidunt.
977 1387 979 1392 ,

640 1449 670 1506 8.

218 1545 341 1610 lndioia
353 1547 453 1610 aetntis
468 1547 500 1609 in
514 1547 660 1610 comibus
674 1548 758 1610 cervi
771 1559 894 1644 gerunt.

218 1629 380 1694 Columbae
392 1640 425 1694 et
438 1641 571 1694 turtures
584 1631 706 1694 octonis
721 1652 809 1694 anms
822 1633 937 1694 vivunt.
990 1635 992 1643 “

125 1743 136 1750 -
219 1713 368 1796 Quinque
396 1734 504 1778 sensus
525 1723 635 1777 natura
657 1714 864 1778 animantibus
886 1715 992 1795 dedit3
1020 1717 1129 1795 visum,

176 1795 327 1874 auditum,
341 1807 477 1880 gustum,
492 1807 621 1874 tactum,
635 1798 808 1861 odoratum.

219 1879 411 1961 Elephantus
425 1879 558 1960 poplites
571 1879 654 1942 intus
668 1880 777 1957 flectit,
792 1881 926 1944 hominis
938 1884 1043 1946 modo.

218 1962 292 2024 Non
305 1962 417 2024 eodem
431 1982 553 2042 semper
566 1961 638 2025 loco
652 1962 698 2024 sol
713 1963 818 2040 oritur,
833 1975 887 2027 aut
901 1966 1030 2029 occidit.

218 2043 294 2106 Sine
308 2043 439 2106 mixturis
453 2043 531 2105 lucis
545 2044 621 2106 nihil
636 2044 832 2126 splendidum
846 2057 904 2111 est.

217 2125 341 2190 Minora
354 2125 471 2190 lumina
485 2125 610 2190 claritas
624 2127 697 2191 solis
711 2129 869 2194 obscurat.
941 2141 946 2149 '

631 2251 651 2311 9

218 2347 370 2414 Nonnulli
384 2347 485 2412 fonte
499 2367 596 2428 aquas
609 2347 777 2412 bulliente
791 2350 947 2414 emittunt.
1155 2413 1158 2420 ,

217 2433 390 2531 Leontinus
416 2430 550 2516 Gorgias
578 2445 706 2496 contum
727 2443 760 2496 at
780 2445 901 2516 septem
921 2454 1020 2498 annos
1042 2455 1129 2500 com-

175 2518 376 2665 Pllignidum
397 2619 498 2681 poma,
513 2598 538 2661 ti
553 2598 667 2664 imbres
687 2609 741 2662 aut
760 2598 898 2678 defuere,
912 2610 967 2664 aut
991 2602 1130 2665 abunda·

174 2684 333 2828 velibneri
357 2762 560 2825 animantium
579 2763 663 2826 omni
684 2773 733 2825 est
756 2784 775 2824 a
799 2763 908 2824 naturis
922 2763 1080 2840 tributum,
1094 2777 1130 2830 ut

175 2847 315 2913 declinet
327 2865 367 2908 ea
381 2866 451 2926 quae
466 2845 606 2908 nocitura
620 2845 793 2906 videantur.

219 2929 356 3028 Pyrenaei
370 2938 491 3026 montes
512 2927 631 2992 Gallias
655 2925 882 3020 Hispaniasque
904 2923 1128 3022 disterminant.

216 3016 353 3080 Piscium
380 3023 439 3075 trra
465 3029 583 3094 genera
610 3018 700 3072 sunt:
728 3029 761 3070 m
782 3029 887 3090 primis
909 3029 979 3090 qum
1000 3009 1129 3091 mollra;

174 3098 288 3163 deinde
303 3105 450 3158 contecta
463 3093 573 3156 crustis
597 3091 762 3170 tenuibus3
784 3091 938 3173 postremo
953 3091 1040 3156 testis
1054 3113 1143 3166 con-¹

111 3220 116 3230 =
175 3182 263 3247 clusa
276 3177 370 3240 duris.

627 3261 676 3319 10.

218 3367 358 3450 Zopyrus
379 3383 413 3425 sa
433 3369 575 3423 naturam
597 3357 749 3442 cujusque
774 3380 813 3424 ex
833 3357 931 3424 formal
952 3361 1129 3445 perspicere

175 3446 636 3624 pol'srilllcrgbiliiill'lotagoras
660 3547 693 3622 se
714 3526 747 3590 id
770 3527 896 3623 docere,
916 3527 1051 3610 quinam
1063 3550 1131 3594 ver·

175 3616 287 3681 bonrm
298 3611 448 3678 industrii
460 3629 556 3674 causa
569 3611 717 3676 infirmior
733 3610 840 3675 fortior
854 3611 952 3676 fieret.
