2590 4194
472 386 590 430 anesin
613 384 804 438 comodum.
1056 361 1118 422 143

198 529 258 594 Po.
283 531 365 594 Nihil
387 534 544 598 admodum
556 557 564 612 ;
594 556 664 598 nam
688 536 742 598 hos
764 536 859 618 reperi
881 548 925 598 sat
947 534 1120 598 commodos

157 613 290 691 sodales3
321 618 372 678 sed
395 619 530 681 movebat
553 641 603 681 me
618 619 788 682 Graecorum
803 619 999 703 proverbium,
1019 617 1120 702 Opor-

157 707 198 760 tet
228 699 313 760 edere
345 702 514 779 testudines,
538 713 591 764 out
621 725 680 764 non
711 704 815 779 edere3
845 703 943 786 itaque
969 703 1120 764 decretum

157 796 220 844 erat
243 795 371 846 autnon
394 807 458 847 esse
484 788 669 862 monachum,
692 800 741 848 aut
764 787 909 869 insigniter
932 807 997 848 esse
1019 806 1122 846 mona·

157 865 257 928 chum.
302 867 488 954 Acceperam
510 891 578 930 esse
601 869 742 953 quosdam
763 869 964 953 Brigidenses,
987 868 1121 930 homines

157 948 247 1031 plane
261 951 415 1030 coelestes3
436 953 473 1014 ad
489 953 542 1013 hos
556 974 604 1014 me
619 953 736 1015 contuli.

201 1032 265 1094 Eu.
289 1033 374 1105 Quot
388 1055 504 1096 menses
519 1035 576 1098 illic
592 1035 697 1138 egisti?

200 1116 262 1178 Pu.
286 1117 426 1194 Biduum,
442 1140 496 1179 nee
511 1118 540 1179 id
555 1139 626 1180 sane
641 1133 744 1180 totum.

205 1199 255 1262 Gt.
279 1199 381 1283 Usque
397 1202 472 1262 adab
487 1201 595 1283 placuit
611 1204 668 1263 lroc
684 1202 748 1264 vitae
763 1202 875 1283 genus?

102 1309 105 1318 ·
201 1283 261 1345 Pu.
285 1284 355 1345 Non
366 1285 508 1367 recipiunt
519 1283 573 1347 nisi
585 1286 632 1369 qui
644 1307 715 1346 mox
726 1286 884 1366 obstringat
896 1307 927 1347 se
940 1283 1120 1368 professioni

157 1368 198 1429 At
212 1388 267 1450 ego
281 1367 411 1429 nondum
429 1367 504 1429 aded
526 1368 703 1430 insaniebam
727 1382 759 1430 ut
785 1367 866 1430 facile
889 1391 937 1430 me
960 1369 1121 1450 praeberem

157 1452 294 1532 capistro,
320 1451 397 1534 quod
426 1473 575 1534 nunquam
609 1452 710 1513 liceret
747 1465 907 1530 excutere3
948 1466 976 1514 et
1009 1452 1121 1534 quoties

157 1533 311 1595 audiebam
322 1548 461 1596 canentes
476 1535 610 1616 virgines,
622 1535 769 1596 cruciabat
779 1535 907 1596 animum
922 1557 998 1596 uxor
1009 1549 1120 1619 erepta.

206 1616 256 1678 Gt.
281 1617 363 1688 Quid
379 1617 507 1679 deinde?

200 1699 260 1761 Po.
284 1699 418 1760 Ardebat
440 1700 552 1762 animus
575 1721 674 1762 amore
692 1699 899 1775 sanctimoniae,
922 1721 978 1762 neo
999 1722 1019 1760 u
1055 1721 1122 1762 uam

158 1783 316 1844 satisfiebat
343 1782 441 1843 animo
464 1805 542 1846 meo.
600 1783 737 1845 Tandem
765 1783 955 1844 obambulans
980 1721 1066 1844 incidi
1093 1783 1123 1845 in

158 1866 301 1949 quosdam
326 1865 513 1948 praeserentes
535 1889 663 1929 crucem.
709 1865 777 1928 Hoc
799 1865 913 1948 signum
938 1865 1010 1927 mihi
1035 1867 1124 1962 proti-

148 1969 212 2010 nus
229 1949 329 2024 arrisit,
342 1949 394 2010 sed
408 1950 607 2012 remorabatur
621 1950 794 2012 electionem
810 1949 939 2011 varietas.
983 1949 1043 2010 Alit
1057 1972 1124 2032 ges-

157 2033 257 2094 tabant
276 2032 382 2108 albam,
402 2032 447 2093 alii
472 2030 598 2110 rubram,
613 2033 660 2094 alii
682 2033 814 2108 viridem,
837 2031 883 2094 alii
907 2032 1122 2110 versicolorem,

156 2115 204 2176 alii
215 2115 387 2197 simplicem,
399 2115 444 2176 alii
454 2116 613 2198 duplicem,
624 2117 753 2178 nonnulli
764 2115 994 2199 quadruplicem,
1005 2116 1051 2178 alii
1066 2117 1123 2180 aliti

157 2211 245 2282 atque
259 2197 317 2260 alid
330 2196 422 2281 figura
431 2199 579 2261 variatam.
632 2199 709 2282 Ego,
719 2221 755 2260 ne
771 2199 840 2281 quid
852 2198 1025 2260 intentatum
1036 2200 1123 2262 relin-

158 2303 277 2364 querem
286 2301 389 2343 omnes
400 2280 491 2342 fenne
503 2281 610 2343 formas
623 2283 697 2364 gessi
709 2304 718 2359 3
740 2277 844 2343 veriam
857 2279 922 2361 ipsi
935 2302 966 2341 re
981 2283 1122 2364 comperi,

148 2365 242 2448 'longe
264 2365 342 2426 aliud
364 2385 429 2425 esse
450 2363 636 2426 circumferre
651 2385 771 2424 crucem
785 2363 813 2423 in
836 2362 923 2444 pallio
937 2384 989 2424 seu
1013 2363 1123 2441 tunicd,

157 2448 246 2531 quim
268 2448 297 2509 in
319 2447 418 2509 eorde.
473 2446 612 2509 Tandem
634 2445 726 2507 lessus
752 2444 933 2540 inquirendo,
949 2445 990 2506 sio
1004 2466 1122 2509 meeum

156 2531 331 2614 cogitabam,
343 2543 376 2592 ut
389 2530 481 2591 semel
495 2551 613 2592 omnem
629 2528 845 2590 sanctimoniam
862 2548 1008 2609 assequar,
1022 2543 1122 2610 petam

157 2627 263 2676 terram
279 2627 409 2676 sanctam
423 2633 457 2674 ae
472 2613 573 2674 redibo
587 2613 709 2674 domum
723 2609 914 2672 sanctimonid
927 2623 1055 2679 onustus.

199 2697 257 2760 Po.
282 2696 364 2759 Num
379 2694 416 2758 ed
428 2695 573 2778 profectus
587 2695 640 2758 es?

200 2781 262 2844 Pa.
285 2779 427 2842 Maxime.

198 2865 258 2927 Po.
282 2863 371 2926 Unde
386 2863 561 2946 suppetebat
575 2863 731 2926 viaticum?

198 2947 259 3010 Po.
282 2946 420 3009 Demiror
433 2947 510 3008 istud
528 2969 607 3009 nuno
630 2946 756 3028 denique
771 2943 821 3005 tibi
836 2945 933 3005 venire
948 2945 977 3005 in
991 2959 1121 3008 mentem

157 3044 190 3092 ut
203 3051 329 3112 rogares,
345 3051 379 3092 ae
394 3051 451 3091 non
471 3029 564 3090 multb
579 3028 647 3090 ante
672 3038 896 3110 percunctatum
919 3025 1014 3088 fuisse.
1060 3027 1121 3090 Sed

157 3112 232 3175 ndsti
269 3113 444 3188 roverbium,
460 3112 569 3194 quavis
583 3121 664 3173 terro
679 3107 736 3171 altr
750 3107 907 3192 artificem.

205 3135 268 3258 (td)
282 3195 384 3267 Quam
399 3209 491 3257 artem
506 3193 749 3258 circumferebas?

200 3280 259 3342 Po.
283 3277 541 3342 Chiromanticam.

205 3361 255 3424 Gt.
278 3359 340 3422 Ubi
354 3382 419 3424 earn
435 3361 596 3424 didiceras?

199 3445 259 3508 Po.
283 3443 365 3516 Quid
379 3443 487 3505 refert?

206 3527 256 3589 (tl.
280 3526 354 3598 Quo
368 3528 569 3609 preceptore?

199 3611 260 3682 Po.
283 3609 332 3672 Eo
347 3608 396 3692 qui
410 3608 478 3670 nihil
492 3630 551 3672 non
566 3611 661 3690 docet,
676 3623 787 3674 ventre.
833 3609 1034 3677 Praedieebam
1047 3632 1123 3698 prte-

157 3693 251 3768 terita‚
265 3692 370 3766 utura,
384 3691 544 3774 presentia.
603 3752 605 3756 ,

204 3774 254 3840 ul.
271 3771 319 3838 ⁴Et
331 3771 467 3841 sciebas?
