2570 4180
605 318 649 389 61

151 491 285 590 hostiurn
305 495 433 573 veniret,
461 496 514 558 uni
546 498 696 560 comitum
727 495 807 560 latus
839 495 1102 562 transfodiendum

152 579 297 742 withigis·
314 671 446 724 mortem
464 662 602 726 omniurn
623 663 829 726 Hebraeorum
843 663 917 746 luga
932 673 1103 727 consecuta

150 753 206 819 est,
221 754 254 806 et
268 765 307 806 eo
321 745 372 807 die
386 745 515 807 victorih
528 746 641 828 insigni
656 746 746 827 potiti
761 757 832 810 sunt
845 745 1006 810 Philistaei.

599 853 668 909 118.

193 947 303 1024 David,
318 948 423 1010 auditd
437 948 539 1011 Saiilis
552 959 661 1024 morte,
676 948 725 1011 lac
793 970 827 1011 ns
841 948 994 1031 profudit:
1014 969 1088 1010 mon

151 1040 198 1092 tes
213 1029 345 1106 Gelbod,
360 1031 414 1093 ubi
435 1031 539 1093 caedes
550 1031 608 1093 illa
626 1031 709 1095 sacta
742 1043 838 1108 uerat,
853 1041 1030 1094 exsecratus
1043 1042 1100 1094 est.

192 1112 296 1188 Illum,
309 1113 363 1193 qui
388 1135 407 1176 a
431 1134 465 1176 se
488 1113 613 1176 Saiilem
634 1115 775 1176 occisum
796 1135 864 1177 esse
883 1114 1049 1196 jactitabat
1069 1125 1103 1176 et

149 1197 237 1277 regia
258 1197 396 1278 insignia
414 1197 570 1274 attulerat,
595 1197 704 1280 perimi
725 1197 825 1281 jussit,
840 1197 872 1258 in
893 1215 1017 1278 poenam
1038 1195 1102 1258 vio-

149 1277 222 1340 latae
237 1279 408 1361 majestatis
422 1299 455 1342 re
479 1280 528 1342 iae.

191 1361 319 1424 Civibus
347 1363 432 1424 urbis
453 1301 557 1440 iubes,
572 1364 655 1444 qudd
687 1363 789 1426 santis
818 1363 947 1448 ejusque
969 1361 1101 1424 liliorum

148 1466 189 1508 co
245 1466 280 1508 ra
294 1445 517 1527 sepelivissent,
531 1448 664 1530 gratiam
677 1446 792 1510 retulit.

222 1529 417 1591 dmirandum
452 1531 524 1592 sane
556 1531 619 1593 veri
651 1550 689 1592 ac
711 1530 823 1593 sinceri
844 1549 920 1612 erga
941 1527 1101 1590 inimicum

150 1612 263 1674 amoris
277 1612 473 1694 exemplum!
626 1689 632 1694 ,

592 1717 661 1775 119.

192 1810 304 1886 David,
319 1821 482 1893 postquam
504 1811 615 1876 solium
637 1812 828 1888 conscendit,
850 1810 966 1894 duplex
988 1809 1101 1887 scelus,

150 1903 183 1956 et
197 1894 323 1974 quidem
337 1893 560 1976 gravissimum,
574 1895 738 1958 commisit.

192 1977 358 2040 Adamavit
381 1977 551 2056 mulierem,
576 1978 701 2041 nomine
725 1977 1038 2059 Betsaben,ea1nque
1060 1976 1101 2039 ad

150 2060 302 2144 flagitium
316 2061 478 2142 compulit.

191 2143 332 2206 Mulieris
353 2145 490 2221 maritus,
504 2146 628 2209 nomine
642 2145 743 2221 Urias,
756 2145 802 2206 vir
821 2143 1012 2220 fortissimus,
1033 2153 1100 2206 turn

149 2228 181 2291 in
195 2227 304 2290 castris
318 2237 393 2303 erat,
408 2239 441 2290 et
454 2229 613 2311 egregiam
628 2229 736 2310 patrioe
751 2247 877 2308 operam
890 2227 1035 2290 navabat.

192 2312 286 2374 Hunc
302 2309 403 2372 David
416 2310 524 2391 iniquo
538 2331 652 2394 pugnae
668 2310 739 2372 loco
753 2308 892 2371 hostibus
915 2309 1011 2391 objici
1036 2308 1101 2392 jus-

152 2395 201 2471 sit,
216 2404 309 2472 atque
324 2392 369 2454 ita
381 2394 558 2468 necandum
576 2393 704 2455 curavit.

191 2477 235 2539 At
262 2476 348 2538 Deus
372 2477 413 2538 ad
437 2475 588 2538 Davidem
609 2475 692 2538 misit
724 2472 916 2556 prophetam,
938 2471 990 2552 qui
1013 2471 1101 2535 illurn

149 2561 340 2635 admoneret,
366 2559 457 2639 eique
480 2579 604 2640 poenam
635 2557 761 2621 sceleris
784 2555 988 2620 denunciaret
1009 2555 1100 2618 sube-

149 2645 276 2706 undam.

596 2731 665 2788 120.

192 2825 245 2887 Sic
281 2824 434 2888 Davidem
469 2823 623 2886 allocutus
658 2833 707 2886 est
743 2821 895 2904 propheta
910 2845 918 2884 ε
932 2822 1042 2884 ''erant
1068 2822 1101 2885 in

149 2909 258 2972 eidem
279 2910 357 2971 urbe
385 2908 448 2970 duo
472 2907 633 2970 homines:
655 2906 734 2968 alter
753 2905 839 2967 dives
859 2904 974 2966 multos
994 2905 1101 2979 bourn,

149 3012 321 3074 caprarum,
337 3001 431 3070 atque
447 2990 549 3051 ovium
564 3010 676 3071 greges
691 2987 815 3053 alebat:

193 3073 282 3136 Alter
297 3073 367 3136 verd
381 3072 460 3134 nihil
482 3072 620 3134 habebat
644 3079 757 3152 praeter
778 3089 868 3132 ovem
889 3088 993 3146 unam,
1008 3089 1101 3149 quam

152 3159 219 3239 ipse
234 3167 361 3231 emerat,
375 3167 408 3218 et
422 3155 504 3236 apud
519 3176 552 3218 se
564 3154 731 3236 diligenter
743 3151 909 3216 nutriebat.

194 3239 289 3301 Venit
312 3240 352 3300 ad
373 3239 529 3300 hominem
543 3237 670 3299 divitem
692 3235 804 3317 hospes
825 3235 951 3316 quidam
962 3257 972 3312 ;
992 3254 1103 3313 quum-

151 3341 213 3402 que
227 3321 256 3382 ei
282 3321 452 3401 parandum
473 3330 555 3381 esset
576 3319 761 3393 convivium,
784 3319 871 3381 dives
893 3317 946 3378 ille
962 3313 1103 3395 pepercit

151 3404 214 3466 suis
239 3404 358 3478 ovibus
382 3412 415 3464 et
437 3401 591 3464 oviculam
612 3401 755 3483 pauperis
776 3402 805 3463 vi
827 3409 967 3480 ereptam
987 3394 1102 3476 hospiti

154 3487 309 3552 edendam
323 3486 476 3568 apposuit.

194 3569 299 3634 Tuum
313 3579 370 3646 est,
384 3589 480 3711 oerer,
494 3569 534 3630 de
550 3567 608 3630 hoo
625 3567 708 3630 lacto
719 3564 871 3648 judicare.
