2570 4180
605 339 649 408 51

149 591 183 654 al
196 508 297 574 Flevit
318 511 413 577 etiam
434 525 543 578 ventus
575 515 751 592 vehemens,
770 536 834 598 quo
864 517 1040 584 exsiccatus
1060 529 1109 584 est

185 613 269 655 reus.
677 643 682 656 .

195 675 290 741 Tune
312 679 440 743 Hebraei
462 680 592 764 ingressi
614 684 737 745 suntin
758 703 843 746 mare
873 683 1011 747 siceum:
1042 696 1109 748 erat

150 758 237 822 enirn
252 780 333 842 equa
347 775 494 844 tanquam
508 785 611 826 murus
626 786 645 826 a
658 767 766 828 dextra
779 786 886 829 eorum
900 777 933 830 et
948 766 1036 829 iaevd.

196 841 266 905 Rex
295 866 417 926 quoque
446 848 620 930 AEgyptius‚
652 848 805 910 Hebraeos
827 849 1005 932 gradientes
1027 850 1108 914 inse-

137 935 255 1019 putus,
277 948 340 990 non
361 930 523 1023 dubitavit,
544 951 638 1005 mare,
657 932 717 1011 qud
740 932 878 1014 patebat,
892 931 1013 1015 ingredi
1035 953 1108 997 cum

154 1027 299 1072 universo
313 1023 461 1075 exercitu.

607 1102 659 1159 87.

198 1199 307 1268 Quum
321 1199 460 1296 AEgyptii
479 1201 737 1284 progrederentur
758 1203 789 1265 in
803 1203 908 1266 medio
920 1203 1008 1280 mari,
1021 1202 1108 1266 dom·

153 1281 224 1344 inus
237 1284 389 1347 subvertit
403 1305 508 1346 eorum
523 1304 630 1346 currus
644 1295 677 1346 et
690 1285 807 1368 dejecit
820 1286 951 1367 equites.

198 1365 288 1428 Metu
310 1366 444 1449 perculsi
469 1365 607 1448 AEgyptii
636 1379 798 1449 coeperunt
819 1367 948 1451 tugere:
969 1377 1002 1432 at
1023 1365 1109 1431 Deus

153 1447 232 1512 dixit
252 1450 356 1513 Mosi:
377 1450 510 1512 extende
531 1471 633 1512 rursus
653 1451 792 1513 dextram
806 1451 838 1513 in
851 1470 946 1527 mare,
961 1461 995 1514 ut
1017 1469 1107 1532 aque

154 1543 345 1595 revertuntur
359 1533 392 1595 in
406 1531 510 1596 locum
524 1553 623 1594 suum.

199 1615 305 1679 Paruit
322 1616 438 1691 Moses,
461 1627 495 1678 et
515 1615 617 1676 statim
639 1635 728 1696 equae
753 1616 920 1679 refluentes
941 1615 1109 1679 obruerunt

157 1696 332 1780 AEgyptios‚
345 1708 379 1760 et
392 1718 498 1760 eorum
512 1717 618 1759 currus
632 1710 665 1760 et
678 1699 808 1779 equites.

199 1781 329 1845 Deletus
343 1791 391 1844 est
404 1780 562 1842 universus
586 1782 738 1844 exercitus
761 1779 929 1843 Pharaonis
947 1779 979 1844 in
999 1777 1109 1845 mediis

156 1864 322 1944 fluetibus3
342 1883 403 1928 nec
425 1883 505 1926 unus
526 1863 651 1944 quidem
665 1863 797 1927 nuncius
820 1873 915 1926 tautae
937 1863 1037 1928 cledis
1056 1883 1110 1928 su·

198 1946 279 2010 r'fuit.

156 1967 270 2094 peSic.
289 2031 374 2096 Deus
404 2029 545 2094 liberavit
576 2029 728 2094 Hebraeos
756 2031 796 2094 ab
822 2029 935 2115 injusta
961 2030 1107 2096 servitute

156 2113 382 2200 AEgyptiorum.
679 2119 681 2126 ’

603 2221 654 2278 88.

198 2311 338 2391 Hebraei,
352 2314 482 2396 trajecto
503 2313 579 2376 mari
603 2311 722 2388 Rubro,
742 2311 796 2374 diu
820 2312 1022 2395 peragrarunt
1041 2329 1108 2376 m·

157 2406 220 2460 tem
234 2397 442 2462 solitudinem.
499 2455 502 2462 .

200 2480 317 2543 Deerat
337 2477 446 2561 penis3
468 2489 502 2542 at
521 2479 608 2542 Deus
629 2477 694 2561 ipse
716 2498 771 2540 eos
792 2476 889 2541 aluit:
910 2496 929 2538 e
950 2475 1034 2538 coelo
1053 2493 1110 2558 per

141 2583 257 2626 annos
278 2562 483 2646 quadraginta
505 2560 622 2626 cecidit
643 2561 741 2638 cibus,
760 2579 854 2644 quem
874 2557 1109 2644 appellaverunt

158 2665 279 2710 nuni..

200 2728 305 2793 Inerat
318 2727 390 2792 huic
405 2727 478 2791 oibo
491 2737 599 2810 gustus
614 2728 723 2792 simile
737 2747 810 2792 curn
823 2725 917 2790 melle
930 2724 1046 2790 mixtae.

200 2811 359 2876 Interdum
392 2811 488 2874 etiam
521 2810 633 2888 defuit·
654 2832 758 2892 eque:
792 2821 834 2887 et,
866 2809 996 2904 jubente
1027 2806 1108 2883 Deo,

158 2895 263 2959 Moses
288 2895 483 2977 percutiebat
504 2915 613 2974 rupern
630 2893 728 2976 virga,
743 2905 775 2955 et
796 2890 944 2955 coutruub
966 2909 1108 2972 erumpe·

158 2980 235 3043 baut
248 2979 349 3042 fontes
363 2999 452 3058 aquae
467 2977 578 3038 dulcis,

610 3082 660 3140 89.

201 3177 310 3242 Mense
340 3178 443 3254 tertio,
470 3187 634 3260 postquem
663 3175 791 3240 Hebraei
820 3174 937 3260 egressi
973 3184 1045 3238 sunt
1067 3191 1108 3236 ex

161 3259 200 3322 Ε
224 3271 307 3340 ypto‚
321 3271 526 3342 pervenerunt
540 3261 577 3322 ed
593 3271 731 3323 montem
746 3260 841 3323 Sinae.

201 3281 251 3405 ibi
266 3341 350 3403 Deus
364 3344 450 3404 dedit
464 3345 508 3406 eis
524 3343 627 3424 legem
641 3363 712 3404 eum
727 3352 877 3424 apparatu
891 3339 1036 3403 terrifico.

200 3425 371 3506 Coeperunt
391 3425 527 3486 exaudiri
546 3425 689 3502 tonitrua,
709 3425 825 3486 micare
847 3423 987 3503 fulgura:
1008 3415 1108 3481 nubes

157 3509 255 3572 densa
276 3507 437 3590 operiebat
456 3518 602 3584 montem,
630 3518 663 3570 et
692 3506 822 3586 clangor
843 3502 987 3566 buooinae
1014 3499 1107 3566 vehe-

156 3592 289 3655 mentiirs
302 3591 525 3674 perstrepebat.
