2570 4180
642 337 691 407 72

410 617 564 672 convus
594 520 911 674 cumsacracunms

225 707 352 783 Corvus,
366 705 478 788 laqueo
493 717 613 788 captus,
628 707 766 788 Apollini
782 718 817 770 ut
834 727 927 788 opem
952 705 1045 770 ferret
1066 727 1141 788 sup-

184 789 290 874 plicat,
306 790 394 853 thura
409 800 442 852 et
459 790 570 853 odores
592 789 636 852 illi
658 791 826 854 incendere
841 789 1009 872 pollicitus.
1053 789 1139 852 Peri-

183 872 257 936 culo
271 872 429 950 liberatus,
444 873 511 956 ejus
526 874 609 953 quod
625 873 806 956 promiserat
819 873 935 936 oblitus
949 883 1007 936 est.

226 955 344 1018 Rursus
381 955 443 1020 alio
471 957 604 1019 irretitus
634 956 757 1036 laqueo,
794 955 941 1038 Apolline
969 959 1140 1038 praeterito,

182 1037 373 1102 Mercurium
404 1039 568 1116 invocavit,
597 1041 753 1122 spondens
783 1041 813 1103 ei
849 1060 938 1103 sacra
972 1039 1136 1104 lactumm.

182 1121 242 1186 Cui
267 1121 331 1199 ille,
345 1122 501 1206 Apagete,
515 1123 652 1186 omnium
672 1123 881 1203 nequissime3
900 1144 964 1186 non
985 1134 1033 1186 est
1055 1125 1138 1204 quod

183 1204 240 1268 tibi
255 1205 347 1268 tidem
362 1204 505 1282 habeam,
520 1206 572 1288 qui
586 1205 738 1288 prioribus
759 1227 823 1268 non
845 1205 956 1270 stetisti
971 1207 1138 1287 promissis,

182 1298 216 1352 et
229 1287 369 1372 Apollini
384 1288 540 1352 liberatori
554 1289 696 1352 debitum
709 1289 847 1352 nondum
861 1289 989 1353 solvisti.

641 1431 694 1488 20.

583 1547 770 1602 COCHLEA.

223 1651 328 1728 Canis,
355 1652 427 1714 cum
456 1649 534 1713 sortb
555 1650 719 1714 cochleam
738 1649 927 1727 offendisset,
956 1671 1048 1714 ovum
1068 1672 1136 1716 esse

183 1747 275 1812 ratus,
307 1755 423 1818 magno
452 1733 513 1797 oris
548 1733 635 1802 hiatu
667 1734 838 1796 avidissime
868 1755 938 1796 earn
969 1735 1135 1798 devoravit.

183 1819 249 1882 lliis
263 1829 368 1880 autem
389 1818 524 1900 graviter
548 1817 735 1892 dolentibus,
759 1816 963 1895 exclamabat,
979 1817 1049 1880 Ab!
1071 1839 1136 1880 me·

182 1903 256 1964 ritas
284 1900 337 1962 luo
363 1899 501 1962 stultitiae
524 1919 643 1982 peenas,
665 1901 718 1982 qui
740 1900 844 1963 omnia
865 1902 997 1964 rotunda
1017 1901 1135 1968 credidi

182 2005 250 2048 esse
265 2003 334 2046 ova.

632 2091 684 2148 21.

503 2209 631 2264 CULEX
661 2211 711 2264 ΕΤ
742 2211 822 2266 BOS.

222 2318 332 2396 Culex,
354 2317 385 2381 in
407 2337 505 2380 comu
537 2318 624 2382 bovis
654 2319 800 2398 insidens,
828 2341 1017 2403 canemque,
1049 2322 1136 2386 illum

182 2403 401 2487 interrogabat,
423 2401 573 2483 numquid
596 2405 718 2468 avolare
742 2405 894 2480 serebat,
909 2406 1010 2486 utqui
1033 2406 1135 2468 forsan

89 2509 96 2528 ¹
181 2487 298 2550 collum
311 2487 508 2568 deprimeret.
552 2487 653 2564 Nihil,
668 2489 776 2570 inquit,
796 2489 924 2551 interest
937 2509 1017 2566 mea,
1035 2491 1136 2552 utrbm

181 2591 324 2632 maneres
337 2591 378 2632 an
393 2570 556 2649 avolares;
578 2581 613 2632 ut
634 2572 718 2634 enim
742 2593 805 2634 non
827 2571 909 2636 sensi
923 2573 1135 2636 accessionem

182 2662 276 2728 tuam,
291 2652 333 2712 ita
347 2673 387 2714 ne
402 2652 624 2716 discessionem
638 2655 764 2734 quidem
778 2675 914 2718 sensero.
1001 2723 1002 2727 ,

634 2795 686 2850 22.

476 2903 619 2959 HlRCUS
647 2903 697 2956 ΕΤ
728 2901 839 2954 VITIS.

223 3008 302 3070 Ciam
325 3005 395 3068 vitis
422 3007 584 3088 pampinos
609 3006 727 3078 ederet,
749 3025 803 3066 eos
826 3005 992 3069 arrodebat
1012 3004 1134 3069 hircus:

181 3091 265 3171 quod
278 3089 352 3148 dum
367 3089 494 3163 faceret,
509 3089 553 3150 ita
567 3108 638 3148 eum
654 3088 796 3168 increpat
811 3087 890 3150 vitis.

223 3172 286 3233 Cur
300 3181 334 3295 pu
348 3191 419 3232 mea
433 3169 508 3232 folia
530 3169 656 3251 carpis?
678 3190 781 3233 nonne
803 3170 877 3232 satis
898 3173 1051 3254 supbrque
1065 3173 1134 3237 her·

181 3258 309 3320 barum.
619 3265 623 3270 '

223 3340 301 3402 cam
315 3346 418 3400 autem
432 3336 526 3398 vitem
539 3336 709 3416 depascere
724 3348 868 3418 pergeret
881 3336 1005 3417 hircus3
1026 3337 1134 3412 Quan-

181 3424 248 3485 tirm
260 3429 370 3504 potest,
385 3419 485 3500 inquit
502 3419 582 3493 vitis,
606 3418 681 3480 mihi
705 3430 841 3482 noceto:
862 3441 925 3504 ego
947 3431 1051 3484 tamen
1071 3422 1134 3483 vini

181 3516 300 3646 tantursn
315 3503 424 3579 tulero,
440 3513 599 3584 quantum,
614 3512 645 3564 te
660 3513 806 3579 mactato,
829 3505 870 3566 ad
895 3503 1055 3568 libandum
1075 3504 1134 3566 diis

181 3587 255 3646 satis
283 3585 371 3646 uerit.
