2570 4180
596 341 659 423 '75

612 536 664 593 31.

435 652 567 715 EQUUS
598 653 648 707 ET
678 654 828 711 Aslrtur.

197 773 403 839 Deficiente
395 798 428 839 m
449 777 559 839 itinere
582 775 678 852 enno,
699 785 732 838 et
739 786 880 873 petente
902 777 943 842 ab
967 798 1060 876 equo,
1074 790 1108 845 ut

152 857 259 940 aliqua
280 870 366 940 parte
388 861 490 923 oneris
511 881 545 921 se
568 859 693 935 levaret,
722 859 748 921 si
780 881 813 922 se
845 862 947 924 vivum
969 863 1109 959 aspicere

151 942 258 1014 vellet,
275 955 453 1024 aspernatus
477 953 525 1006 est
546 964 645 1023 equus
667 964 776 1024 preces
797 943 887 1006 illius.
933 945 1060 1008 Paule
1052 946 1111 1042 rgi-
1193 991 1196 996 -

153 1035 204 1086 tur
232 1027 311 1106 pbst,
341 1027 523 1110 fatigatione
545 1027 713 1089 exhaustus
735 1027 845 1090 asinus
860 1028 962 1091 invia
983 1030 1109 1108 corruit,

152 1119 188 1170 et
201 1109 318 1171 efflavit
332 1111 476 1173 animam.

195 1193 279 1254 Tum
294 1193 428 1275 agitator
441 1215 549 1256 omnes
564 1194 700 1256 sarcinas
701 1214 798 1274 ,ques
808 1193 911 1256 asinus
925 1204 1110 1276 portaverat,

152 1284 246 1356 atque
262 1276 388 1371 insuper
401 1276 496 1340 etiam
509 1277 634 1360 pellem,
649 1277 737 1342 asino
751 1278 956 1356 detractam,
948 1299 981 1342 ιιι
994 1299 1110 1361 equum

151 1358 310 1442 imposuit.

612 1537 664 1596 32.

460 1671 536 1726 LEO
566 1672 617 1726 ET
647 1673 806 1728 VULPES.

195 1781 276 1864 Leo,
301 1783 389 1846 senio
413 1783 586 1879 confectus,
610 1805 681 1846 cum
705 1783 785 1848 vires
812 1804 876 1846 non
900 1793 1110 1866 suppeterent,

149 1858 301 1930 callidum
336 1876 441 1930 tamen
468 1867 554 1962 cepit
588 1867 752 1930 consilium
785 1867 977 1930 sustentandi
1005 1868 1109 1931 vitam.

151 1947 299 2031 Itaque
291 1971 324 2012 ιιι
348 1960 448 2029 antro,
469 1949 557 2046 quasi
578 1950 688 2012 morbo
710 1961 879 2033 correptus,
907 1951 1110 2028 decumbens,

152 2033 334 2110 animantes,
349 2055 420 2115 quae
435 2034 508 2098 ad
499 2055 601 2116 ipsum
614 2033 774 2098 visendum
788 2034 903 2156 passim
917 2035 1108 2114 advenirent,

152 2116 319 2200 prehensas
332 2118 511 2180 devorabat.

194 2199 244 2262 Ita
257 2221 371 2284 magna
355 2200 553 2264 bestiarum
573 2199 772 2264 multitudine
787 2223 807 2264 a
820 2193 913 2264 leone
936 2201 1109 2296 absumpta,

152 2283 278 2346 accedit
299 2285 426 2346 tandem
439 2295 473 2347 et
485 2284 652 2378 vulpecula
673 2285 713 2346 ad
735 2294 867 2361 antrum,
881 2295 915 2348 et
939 2306 1004 2367 prae
1028 2285 1110 2362 estio

152 2367 300 2443 subsistit,
314 2367 462 2430 baesitans
476 2377 570 2447 atque
584 2367 861 2448 circumspectans

105 2467 107 2470 ·
151 2450 278 2596 01ιίΤιιιιι
291 2414 353 2525 leo,
367 2451 456 2519 Quid
480 2460 592 2526 cesset,
614 2470 672 2512 our
693 2471 756 2512 non
781 2451 874 2512 adeat
887 2449 928 2512 ad
948 2470 993 2526 se,
1007 2459 1107 2532 rogat.
1218 2506 1223 2510 .

151 2531 303 2596 Cuiilla:
324 2533 411 2602 Quia
433 2533 566 2615 vestigia
580 2533 741 2596 adversum
762 2543 794 2598 te
816 2533 993 2618 spectantia
1012 2533 1109 2598 multa

152 2615 254 2693 rideo,
268 2625 434 2680 retrorsum
447 2616 543 2680 nulla.

607 2792 660 2849 33.

502 2923 767 2978 ASTROLOGUS.

196 3051 356 3135 Astrologi
376 3051 537 3136 eujusdam
557 3071 625 3113 mos
646 3060 713 3113 erat
734 3049 774 3113 de
796 3059 890 3113 nocte
905 3049 999 3115 domo
1012 3051 1106 3131 exire,

153 3146 190 3200 ut
213 3135 327 3199 coelum
349 3131 514 3229 stellasque
537 3135 808 3215 contemplaretur.
853 3133 1031 3216 Aliquando
1053 3158 1108 3201 au·

154 3231 228 3296 tem,
243 3229 324 3281 totus
337 3217 420 3280 coelo
441 3217 587 3293 intentus,
603 3217 635 3280 in
657 3217 779 3296 fossam,
794 3239 888 3301 quam
912 3231 985 3282 ante
1009 3221 1107 3300 pedes

153 3303 244 3368 sitam
257 3323 320 3364 non
333 3303 460 3376 videret,
475 3264 595 3364 incidir'.

194 3385 381 3460 Turnebus,
404 3405 460 3466 per
484 3385 615 3447 eandem
636 3383 716 3446 viarn
738 3385 797 3448 iter
819 3384 964 3458 faciens,
971 3403 1044 3444 cum
1065 3383 1106 3447 de

152 3469 272 3566 gemitu
286 3467 378 3544 illius,
397 3467 481 3548 quod
493 3467 650 3528 acciderat
651 3467 885 3550 ,cognovisset3
906 3464 1066 3546 Optime,
1058 3487 1106 3530 tn-

153 3553 229 3634 quit,
249 3563 293 3629 tu,
319 3552 372 3633 qui
398 3571 433 3612 os
454 3551 486 3612 in
510 3548 626 3612 coelum
647 3552 801 3638 erigebas,
833 3557 946 3614 tenum
973 3549 1127 3636 pedibus,

29 3676 32 3682 ,
66 3635 71 3639 ’
152 3637 326 3722 subjectam
340 3633 441 3718 potiris
455 3632 567 3697 intueri
581 3633 744 3696 debueras
