2570 4180
558 385 562 392 ,
628 381 698 456 ,Μ

235 557 389 642 Iosephus
417 580 470 622 eos
495 559 666 622 clementer
688 559 842 634 salutavit,
867 558 1148 640 interrogavitque:

193 641 349 704 salvus-ne
370 652 418 705 est
432 662 525 705 senex
543 641 596 704 ille
611 663 704 722 quem
726 663 779 704 vos
794 652 912 723 patrem
926 640 1070 704 habetis?
1092 643 1149 705 Vi-

193 725 278 788 vitne
293 725 417 787 adhuc?

236 807 302 875 Qui
331 809 573 889 responderunt3
606 809 706 870 salvus
728 818 775 870 est
797 816 886 890 pater
906 802 1021 884 noster,
1043 808 1147 870 adhuc

194 889 279 952 vivit.

236 971 390 1068 Iosephus
419 985 533 1050 nutem,
561 974 724 1068 conjectis
735 974 767 1035 in
790 973 1005 1068 Benjarninum
1036 974 1146 1050 oculis

193 1055 292 1118 dixit:
314 1055 372 1118 iste
392 1067 442 1119 est
456 1057 548 1119 frater
561 1067 662 1120 vester
685 1056 839 1132 minimus,
854 1077 907 1137 qur
898 1056 1004 1118 domi
1027 1078 1147 1120 reman-

194 1147 277 1202 serat
291 1139 374 1220 apud
388 1140 532 1220 patrem?

237 1221 278 1284 Et
297 1242 418 1284 rursus:
439 1223 525 1285 Deus
546 1223 586 1285 sit
607 1223 664 1286 tibi
685 1221 844 1304 propitius,
867 1221 910 1284 fili
929 1222 995 1302 mi3
1016 1232 1049 1286 et
1069 1221 1148 1284 abiit

194 1303 352 1380 festinans,
381 1305 454 1384 quia
488 1316 661 1368 commotus
690 1315 757 1368 erat
794 1305 908 1398 animo,
940 1316 973 1368 et
1000 1305 1147 1390 lacrymae

195 1387 444 1468 erumpebant.-

653 1476 704 1534 64.

236 1573 389 1657 Josephus
403 1573 467 1640 lota
482 1543 567 1637 fdcie
589 1593 745 1657 rngessus
767 1571 920 1638 continuit
942 1595 985 1652 se,
1008 1584 1041 1638 et
1050 1573 1149 1657 jussit

195 1677 311 1741 apponi
302 1658 423 1720 cibos.

237 1743 320 1805 Tum
334 1741 488 1806 distribuit
502 1763 607 1806 eseam
620 1741 788 1822 unicuique
800 1741 926 1803 fratrum
940 1761 1077 1802 suorum.
1091 1692 1148 1803 sed

194 1847 266 1908 pars
287 1825 458 1906 BenJ'amini
473 1837 540 1888 erat
554 1823 716 1904 quintupln
731 1825 828 1905 major
841 1845 933 1918 quam
953 1833 1146 1886 caeterorum.

237 1908 369 1968 Peracto
383 1907 534 1982 convivio,
559 1907 712 1987 Josephus
735 1907 790 1969 dat
813 1907 975 1998 negotium
989 1906 1148 1988 dispensa-

195 1989 264 2064 tori,
271 1998 310 2061 nt
322 2009 432 2083 saccos
446 2010 553 2052 eorum
568 1989 696 2070 impleat
707 1980 870 2065 frumenti),
881 1990 1046 2084 pecuniam
1057 1990 1147 2052 simul

194 2080 333 2152 reponat,
348 2080 380 2134 et
395 2071 519 2153 insuper
533 2073 684 2154 scyphum
706 2092 794 2134 suum
809 2083 993 2155 argenteum
1006 2073 1039 2134 in
1053 2091 1148 2135 sacco

194 2151 271 2236 BenJ'
274 2154 367 2216 amini
358 2154 542 2217 recondat.

236 2176 295 2301 Ilie
310 2237 385 2300 fecit
398 2237 564 2322 diligenter
578 2239 684 2320 quod
673 2259 774 2322 Jussus
789 2238 898 2301 fuerat.

649 2344 699 2402 66.

237 2442 359 2506 Fratres
394 2442 521 2525 Josephi
551 2463 618 2504 sese
647 2442 680 2504 in
708 2443 788 2504 viam
821 2441 990 2517 dederant„
1013 2443 1147 2506 necdum

196 2527 307 2608 procul
322 2527 362 2588 ab
377 2527 454 2588 urbe
469 2527 610 2588 aberant.

238 2607 330 2668 Tunc
356 2607 510 2698 Josephus
533 2610 656 2670 vocavit
676 2601 919 2690 dispensatorem
942 2609 1146 2684 demussata,

193 2687 287 2765 cique
301 2687 398 2747 dixit·
420 2707 604 2766 persequere
626 2691 716 2764 viros,
740 2702 773 2750 et
797 2713 892 2768 quum
915 2711 970 2750 eos
989 2702 1147 2753 assecutus

196 2767 299 2911 fuerjls,
323 2767 387 2893 ille
408 2768 523 2830 dicito.
559 2791 654 2848 quare
677 2771 818 2851 injuriam
840 2791 896 2850 pro
917 2771 1072 2831 beneficio
1100 2793 1146 2833 re-

238 2870 259 2912 n
282 2849 365 2913 istis.

196 2869 440 3030 peSubripuistis
455 2933 605 3016 scyphum
620 2941 811 3014 argenteum,
826 2952 888 3012 quo
902 2931 1044 2993 dominus
1059 2951 1145 2991 meus

196 3017 312 3080 utitur.
333 3017 472 3098 improbe
488 3017 613 3079 fecistis.

247 3098 449 3177 Dispensator
483 3100 630 3161 mandata
664 3097 790 3177 Josephi
826 3097 981 3178 perfecit,
1016 3097 1055 3158 ad
1092 3117 1146 3158 eos

196 3177 360 3242 confestim
389 3181 562 3257 advolavit3
591 3181 704 3242 furtum
726 3180 939 3260 exprobravit3
973 3180 1017 3242 rei
1046 3180 1146 3262 indig-

196 3261 326 3328 nitatem
338 3263 492 3342 exposuit.

633 3363 724 3422 66.

238 3461 361 3524 Fratres
396 3457 522 3541 Josephi
555 3459 777 3540 responderunt
807 3459 1032 3542 dispensatori:
1066 3458 1147 3553 istud

195 3542 324 3681 scapus
349 3544 475 3624 longina
490 3542 579 3604 nobis
602 3541 736 3636 alienum
757 3553 823 3604 est·
815 3564 911 3637 ,nos,
933 3554 968 3606 ut
990 3551 1055 3605 tute
1077 3542 1147 3622 scis,

197 3630 266 3686 retu
278 3643 355 3685 rmus
370 3626 527 3690 bonafide
542 3625 708 3708 pecuniam
723 3636 876 3707 repertam
890 3625 921 3693 in
936 3625 1056 3690 saccis.
