2570 4180
611 554 661 612 16.

569 671 699 728 RANAE.

199 759 386 824 Incolebarrt
406 760 569 824 ranunculi
594 763 657 824 duo
678 762 848 844 paludem:
869 765 930 846 qud
952 785 1007 847 per
1020 776 1111 829 oesta·

158 857 222 906 tem
236 844 402 921 exsiccati,
416 845 534 908 relictis
556 846 682 909 sedibus
703 846 774 924 illis,
800 848 975 931 pergebant
999 849 1112 928 quesi-

159 937 226 989 tum
253 927 340 1004 alias,
364 929 496 1009 cirmque
518 929 674 992 venissent
694 929 734 992 ad
756 931 940 1012 prolimdum
960 941 1112 1014 puteum3

159 1009 232 1087 Hic,
258 1011 358 1091 inquit
378 1033 467 1086 unus,
489 1013 649 1075 commode
672 1015 873 1090 manebimus,
895 1035 996 1096 neque
1019 1012 1111 1076 facile

161 1093 256 1156 alium
271 1093 376 1157 locum
390 1093 550 1157 meliorem
564 1095 700 1158 invenire
715 1098 893 1176 poterimus.

202 1177 261 1239 Cui
276 1178 435 1257 respondit
455 1177 542 1252 alter,
557 1178 686 1241 Placere
701 1190 734 1241 et
747 1179 805 1242 sibr
828 1180 942 1255 locum,
956 1181 1010 1242 sed
1032 1179 1114 1242 arbi·

160 1261 232 1322 trari
255 1281 298 1336 se,
327 1261 503 1340 priusquam
525 1261 578 1323 illd
600 1261 770 1338 desilirent,
798 1263 1065 1340 considerandum,
1087 1264 1113 1326 si

160 1364 222 1424 quo
249 1363 325 1406 casu
347 1353 380 1405 et
401 1343 464 1406 illae
486 1364 575 1424 aquae
604 1345 814 1423 recessissent,
836 1346 898 1428 qud
927 1345 1045 1410 ratione
1072 1347 1113 1410 de

160 1437 256 1508 puteo
270 1425 397 1490 redituri
411 1437 524 1503 essent.

604 1602 652 1657 17.

464 1715 540 1770 LEO
569 1715 620 1770 ΕΤ
650 1715 821 1772 ONAGER.

206 1828 274 1890 Leo
287 1836 321 1891 et
335 1847 453 1910 onager
465 1836 610 1889 venatum
632 1825 739 1905 ibant3
761 1825 814 1889 ille
835 1826 981 1907 equidem
1003 1827 1117 1892 viribus

162 1911 279 1990 fretus3
300 1911 352 1974 hic
366 1911 437 1973 verb
452 1909 567 1990 pedum
580 1908 758 1973 velocitate.
801 1909 894 1973 Parti
913 1921 1017 1974 autem
1029 1933 1118 1996 mug-

137 2071 138 2077 .
163 1995 203 2056 nd
225 1994 339 2076 proedd,
354 1993 437 2057 leoni
452 1989 571 2075 placuit
584 1993 670 2056 illam
684 1993 832 2070 dividere,
846 2004 879 2057 et
892 1994 925 2056 in
939 2004 1001 2058 tres
1013 2006 1117 2078 partes

121 2139 122 2144 ,
163 2077 211 2139 dis
252 2077 335 2140 rtire.

206 2099 281 2230 ileuo
295 2160 389 2238 facto,
403 2159 463 2238 leo,
478 2170 512 2223 ut
526 2159 637 2237 ferunt,
652 2160 696 2222 ita
709 2159 832 2224 loeutus
853 2169 922 2224 est:
942 2160 1036 2224 Hanc
1050 2161 1118 2242 qui·

163 2245 235 2306 dem
256 2243 379 2326 capiam
410 2266 450 2308 ex
478 2245 630 2326 dignitate
659 2243 739 2320 med,
768 2253 878 2325 utpote
900 2243 1033 2305 serarum
1054 2265 1118 2320 rex,

164 2328 293 2390 alteram
306 2327 378 2398 verb
400 2349 439 2392 ex
457 2329 540 2411 justa
560 2327 730 2404 divisioue3
751 2337 785 2388 at
804 2327 897 2389 tertia
917 2346 1064 2410 magnum
1086 2327 1118 2389 in

163 2411 311 2474 danaum
325 2410 382 2473 tibi
396 2411 500 2486 cedet,
514 2409 557 2486 ni,
570 2409 609 2474 ea
622 2408 741 2484 relicta,
756 2408 910 2492 aufugias.

626 2581 674 2638 rs.

489 2694 591 2749 suun
620 2693 795 2748 uanorx.
886 2669 889 2674 ’

207 2799 296 2875 Puer,
311 2808 416 2861 custos
438 2797 550 2874 ovium,
565 2797 653 2879 quasi
667 2796 775 2879 lupum
798 2797 1014 2862 advenientem
1027 2801 1120 2864 vidis-

165 2896 221 2960 set,
235 2903 328 2964 opem
349 2881 533 2944 rusticorum
553 2881 748 2964 implorabat,
762 2880 910 2957 olamans,
934 2882 1043 2946 Heus!
1066 2885 1121 2946 ad-

165 2979 251 3044 este3
272 2964 349 3027 mihi
363 2985 383 3026 a
398 2964 473 3046 lupo
487 2965 668 3026 succurrite.

206 3047 330 3113 Rustici
344 3047 438 3130 pleno
452 3047 551 3130 gradu
573 3047 614 3108 ad
628 3066 758 3127 puerum
773 3056 960 3127 accurrunt3
983 3047 1120 3132 lupoque

165 3151 317 3212 nusquam
331 3139 510 3212 apparente,
526 3129 566 3192 ad
580 3149 676 3211 opera
690 3149 748 3191 sua
760 3129 902 3194 redeunt.

207 3216 348 3294 Cumque
363 3213 526 3294 aliquoties
541 3233 596 3295 per
619 3210 721 3274 lusum
743 3212 827 3276 idem
847 3213 973 3280 fecisset
986 3237 1074 3298 puer,
1088 3225 1122 3278 et

165 3319 221 3360 eos
244 3296 429 3378 decepisset,
444 3295 497 3375 qui
512 3295 659 3357 auxilium
683 3295 798 3359 illaturi
820 3298 1032 3374 advenerant3
1053 3307 1122 3358 tan-

165 3381 247 3456 dem,
263 3379 336 3459 lupo
351 3378 495 3453 irmene,
516 3377 684 3439 miserabili
706 3400 784 3442 voce
807 3380 925 3454 orabat,
949 3389 984 3439 ut
1010 3377 1122 3441 subve-

164 3463 281 3527 niretur
295 3461 354 3524 sibi
368 3470 402 3522 et
415 3459 514 3542 gregi.

207 3545 274 3616 Qui
288 3543 360 3606 verb
374 3541 553 3616 audiebant,
568 3541 673 3612 ludere
688 3545 776 3607 illum
798 3547 912 3623 pariter
933 3561 972 3604 ao
986 3544 1058 3608 ante
1074 3565 1123 3609 ar·

164 3628 279 3706 bitrati,
294 3646 404 3710 preces
417 3633 450 3687 et
465 3623 653 3707 plorationes
667 3627 736 3689 vani
752 3624 839 3708 pueri
853 3623 1070 3708 neglexerunt.
