2590 4194
501 325 620 368 amm
643 323 837 380 connodata.

599 493 685 548 coL.
708 493 742 546 V.

503 624 644 682 CHABON,
666 625 819 666 Anasrort.

230 701 360 767 Charon.
383 703 490 777 Quid
483 705 523 767 rta
537 727 676 790 properas
691 707 825 790 gestiens,
841 707 976 770 Alastor?
1062 754 1064 759 .

180 786 361 956 pedrimwr'
384 787 561 872 Opportune
577 805 607 854 tu
628 790 800 874 quidem,0
815 790 955 870 Charon,
978 790 1015 852 ad
1038 803 1066 852 te
1086 809 1154 873 pro-

221 889 253 931 ra
274 891 320 933 am

229 949 286 1016 Cb.
309 953 395 1028 Quid
410 979 493 1020 nova
508 960 573 1022 rell

223 1034 280 1099 Al.
305 1037 488 1104 Nunciums
473 1042 535 1106 sero
549 1043 599 1106 tibi
615 1041 895 1125 Proserpinaeque
877 1041 1055 1103 laetissimum
1075 1039 1156 1102 firtu·

181 1139 257 1187 mm·

229 1203 281 1268 Cb.
306 1204 432 1269 Effer
404 1231 432 1288 r
434 1209 488 1268 itur
502 1209 579 1304 quod
595 1206 665 1278 sem,
680 1218 770 1284 teque
785 1226 923 1265 exonera.

220 1288 276 1353 Al.
299 1288 371 1350 F
330 1311 395 1349 unae
411 1310 467 1347 non
483 1288 576 1346 minus
597 1286 728 1378 gnaviter
750 1306 836 1365 quem
851 1285 976 1344 feliciter
997 1300 1151 1366 gesserunt

179 1388 264 1430 suum
279 1369 445 1460 negotium3
466 1367 574 1426 nullam
589 1366 664 1427 orbis
680 1379 792 1448 partem
807 1388 864 1426 non
882 1365 1044 1427 infecerunt
1065 1367 1148 1428 malis

179 1447 319 1523 tartareis,
344 1447 478 1524 dissidiis,
503 1449 597 1525 bellis,
620 1449 786 1525 latrociniiS,
811 1449 990 1531 pestilentiis,
1014 1449 1089 1510 adeo
1117 1463 1151 1510 ut

178 1529 295 1616 plania
283 1552 347 1614 jam
361 1531 450 1593 calva
465 1532 576 1594 emissis
590 1496 716 1594 ’colubris
738 1533 802 1607 sint,
817 1545 848 1593 et
867 1532 1016 1608 exhauste
1029 1531 1150 1593 venenis

179 1615 378 1692 obambulant,
393 1631 555 1700 quaerentes
569 1616 706 1700 quicquid
727 1636 849 1714 usquam
871 1629 915 1676 est
935 1614 1100 1696 viperarum
1122 1627 1152 1676 et

180 1663 459 1795 aspidum,q1iando
473 1715 533 1762 tam
556 1701 660 1783 glabre
683 1711 751 1761 sunt
773 1696 862 1780 quam
883 1719 983 1774 ovum,
1008 1709 1037 1758 at
1059 1697 1152 1779 pilum

175 1803 238 1847 uon
262 1783 402 1846 habeut
396 1805 425 1844 rn
450 1784 557 1865 capite,
572 1803 669 1865 neque
694 1782 850 1864 quicquam
874 1781 904 1842 in
928 1793 1049 1863 pectore
1072 1781 1153 1842 suoci

180 1865 320 1928 efficacis.
366 1865 496 1927 Proinde
524 1879 556 1926 tu
581 1865 629 1927 fac
656 1865 796 1946 cymbam
824 1885 860 1925 ac
884 1884 982 1926 remos
1007 1884 1151 1946 appares3

180 1965 255 2012 mox
269 1948 347 2010 enim
362 1961 485 2010 ventura
500 1961 544 2010 est
557 1961 638 2010 tanta
652 1948 820 2008 umbrarum
831 1947 997 2022 multitudo,
1008 1959 1041 2008 ut
1051 1965 1153 2008 verear

180 2049 220 2094 ne
234 2052 292 2094 non
307 2031 432 2094 sufficias
447 2031 581 2093 omnibus
596 2029 833 2092 transmittendis.

229 2112 285 2178 Cb.
307 2114 368 2178 Ista
381 2136 435 2176 nos
449 2136 508 2177 non
523 2113 666 2198 fugerant.

224 2196 282 2262 At.
305 2196 397 2261 Unde
412 2198 573 2260 rescieras?
638 2251 641 2258 .

231 2281 286 2347 Cb.
310 2283 389 2346 Ossa
403 2283 559 2384 pertulerat
574 2295 641 2344 ante
655 2279 829 2344 biduum.

227 2366 283 2430 Al
306 2365 349 2429 Ut
363 2367 413 2429 illa
426 2365 484 2428 dea
496 2367 566 2428 mlrrl
588 2380 631 2428 est
645 2367 794 2428 velocius!
839 2365 901 2428 Sed
924 2364 993 2448 quid
1015 2379 1046 2426 tu
1068 2365 1152 2448 igitur

183 2449 235 2515 hic
250 2472 349 2514 cessas
365 2450 467 2513 relicta
481 2449 610 2532 cymba?

233 2533 291 2595 Gt
314 2533 360 2594 Ita
383 2534 518 2594 nimirum
540 2554 586 2594 res
608 2531 730 2596 serebat.
774 2531 846 2594 Huc
868 2531 1014 2614 profectus
1037 2554 1101 2594 sum
1122 2543 1154 2592 ut

184 2613 258 2676 mihi
280 2634 482 2704 compararem
497 2615 622 2673 validam
626 2616 771 2705 aliquam
792 2615 960 2688 triremem,
996 2635 1065 2674 nam
1088 2635 1155 2675 mea

183 2691 322 2784 cymbaj
325 2712 372 2750 am
394 2705 537 2751 vetustate
558 2693 649 2770 putris
670 2713 705 2753 ac
727 2695 816 2754 sutilis
837 2715 894 2753 non
917 2660 1065 2756 sullecerit
1086 2697 1154 2756 huic

183 2771 274 2846 oneri,
297 2771 321 2831 si
336 2791 406 2830 vera
427 2783 554 2830 suntu
557 2792 579 2830 ae
602 2773 724 2832 narravit
745 2774 832 2832 Ossa.
877 2775 1059 2853 Quanquam
1084 2777 1154 2870 quid

185 2876 259 2952 opus
281 2865 343 2916 erat
368 2851 469 2914 Ossa?
509 2792 604 2914 lies
597 2851 661 2935 ipsa
682 2853 849 2935 compellit3
878 2875 947 2914 narn
970 2854 1153 2937 naufragium

184 2939 250 3004 feci.

227 3017 283 3081 At.
317 3017 465 3080 Nimirum
500 3033 576 3082 totns
613 3019 743 3096 distillas,
779 3020 947 3102 suspicabar
986 3034 1015 3082 te
1059 3021 1152 3084 redire

187 3097 332 3166 ebalneo

234 3185 290 3250 Cb
312 3184 378 3248 Imb
392 3186 505 3248 enatavi
520 3208 538 3247 e
553 3185 655 3269 Stygia
669 3187 786 3268 palude.

228 3268 283 3336 Al.
307 3267 435 3332 Umbras
449 3269 501 3331 ubi
514 3271 674 3365 reliquisti?

185 3353 288 3418 Cb.
313 3351 423 3417 Natant
436 3353 602 3415 cumranis

230 3437 285 3505 Al.
310 3437 371 3501 Sed
387 3436 463 3534 quid
469 3436 595 3500 narravit
608 3434 706 3499 Ossa?

236 3519 288 3630 Cb.
311 3520 388 3584 Tres
403 3520 479 3584 orbis
493 3521 665 3584 monarchas
687 3521 856 3604 capitalibus
877 3521 979 3585 odiis
971 3545 1000 3585 ur
1021 3535 1153 3588 mutuum
