2570 4180
617 375 665 446 65

164 547 297 632 pertinit,
311 561 344 614 et
356 551 482 641 insuper
501 553 624 617 divitias
644 565 678 618 et
698 550 840 638 gloriam,
855 574 933 638 quas
953 575 1016 620 non
1041 553 1121 638 peti·

163 645 242 711 erat,
256 635 385 698 addidit.

611 764 682 822 131.

208 865 356 938 Salomon
378 875 549 957 templum·
579 877 720 942 immensi
757 879 859 961 operis
893 876 1119 960 Hierosolyma

163 957 352 1104 aedlificavit:
373 959 477 1022 omnia
491 981 576 1036 auro,
591 972 731 1044 argento,
747 962 940 1046 gemmisque
961 962 994 1024 in
1007 981 1048 1024 eo
1062 960 1121 1023 ful-

187 1061 205 1103 e
229 1051 293 1104 ant.
992 1099 998 1117 .

163 1061 186 1123 g
206 1124 244 1186 In
259 1124 320 1187 hoc
335 1125 452 1207 templo
466 1147 540 1188 arca
553 1126 677 1190 foederis
691 1126 848 1191 collocata
861 1137 918 1190 est.

205 1207 309 1272 Vicini
325 1229 416 1291 reges
430 1209 472 1271 ob
486 1219 603 1272 tantam
625 1211 786 1293 sapientiae
810 1211 923 1272 famam
944 1229 1017 1272 cum
1031 1208 1121 1272 Salo·

160 1309 254 1354 mone
268 1291 438 1354 amicitiam
449 1292 627 1375 junxerunt,
642 1295 804 1376 foedusque
820 1293 972 1356 fecerunt.

203 1374 328 1463 Regina
350 1376 444 1438 Sabae
467 1397 541 1522 effa
555 1379 673 1440 visendi
688 1378 804 1460 cuplda
826 1375 939 1439 finibus
961 1375 1050 1460 regni
1071 1375 1118 1438 sui

161 1459 304 1534 excessit,
317 1457 464 1539 venitque
512 1460 738 1543 ierosolymam.

184 1540 254 1635 “Re
277 1541 375 1604 nabet
397 1542 546 1606 Salomon
569 1544 603 1606 in
626 1545 745 1607 summit
757 1564 849 1626 pace,
868 1543 981 1625 opibus
994 1553 1028 1606 et
1040 1541 1119 1605 deli-

163 1643 221 1686 cus
288 1643 375 1687 uens.

555 1822 559 1827 ᾗ
606 1749 675 1808 isa.

204 1865 317 1930 Postea
331 1865 480 1929 Salomon
501 1865 652 1947 voluptati
667 1885 701 1927 se
723 1863 809 1928 dedit
825 1887 833 1926 ε
855 1863 931 1928 nihil
946 1885 1039 1947 porro
1053 1874 1118 1928 tam

161 1949 321 2047 inimicum
335 1960 384 2014 est
397 1949 501 2012 virtuti
524 1951 616 2030 quam
637 1949 797 2031 voluptas3
818 1949 924 2030 itaque
945 1949 1048 2014 anisii
1069 1969 1118 2012 sa·

161 2044 320 2117 pientiam.

190 2117 352 2182 Mulieres
366 2127 491 2193 exterae,
505 2129 582 2198 quas
596 2115 759 2194 adamavit,
774 2137 846 2180 eum
866 2117 931 2202 jem
952 2137 1059 2181 senem
1076 2116 1117 2179 ad

160 2200 236 2264 ritus
249 2201 384 2284 gentiles
399 2210 622 2282 pertraxerunt.

202 2285 328 2354 Quibus
342 2284 436 2347 rebus
450 2281 586 2344 offensus
606 2283 693 2345 Deus
708 2303 833 2364 poenam
847 2283 892 2346 illi
906 2283 1116 2360 denunciavit,

160 2368 283 2432 scilicet
296 2367 362 2430 fore
377 2377 412 2429 ut
426 2385 557 2447 regnum
571 2365 686 2447 majore
700 2386 739 2427 ex
756 2377 844 2446 parte
860 2365 924 2428 filio
938 2363 1005 2448 ejus
1019 2367 1116 2428 adim-

160 2461 262 2514 eretur
275 2461 308 2514 et
322 2470 412 2514 servo
426 2449 607 2524 traderetur,
622 2459 716 2528 atque
730 2447 775 2510 ita
789 2447 905 2512 factum
919 2459 977 2512 est.

610 2587 681 2647 133.

203 2705 362 2772 Salomoni
383 2705 564 2769 Roboamus
586 2705 667 2768 filius
697 2705 868 2769 successit:
899 2705 925 2769 is
953 2685 1115 2792 imperium

160 2792 254 2874 culpe
268 2790 396 2874 paternit
406 2789 472 2874 jam
485 2801 598 2852 nutans
612 2787 742 2852 stultitiis
755 2789 810 2850 suit
823 2790 945 2853 evertit.

202 2875 351 2940 Salomon
375 2873 493 2955 populo
514 2872 651 2955 vectigal
673 2871 885 2954 gravissimum
907 2872 1116 2953 imposuerat3

160 2959 244 3042 quod
271 2977 349 3021 onus
377 2977 473 3038 quum
494 2955 628 3038 populus
660 2954 793 3018 tolerare
815 2973 878 3016 non
900 2964 1016 3034 posset,
1037 2954 1115 3018 illud

160 3041 305 3127 poposcit
318 3039 470 3102 imminui.
584 3117 587 3123 Ι

202 3126 326 3206 Regem
346 3123 515 3186 monebant
538 3141 628 3183 senes
649 3129 684 3182 ut
705 3118 823 3202 populo
843 3117 1045 3198 satisfaceret,
1065 3121 1115 3205 ju·

160 3227 255 3272 venes
268 3206 340 3269 vero
354 3205 585 3268 dissuadebant.
1185 3207 1188 3212 '

202 3289 394 3364 Roboamus,
416 3287 585 3367 aequalium
601 3285 740 3351 'consilio
763 3306 846 3362 usus,
860 3285 978 3369 populo
999 3283 1113 3348 acerbe

160 3371 329 3456 respondit,
343 3371 470 3454 ejusque
485 3369 725 3452 postulationem
738 3369 858 3453 rejecit.
1082 3367 1096 3382 “

601 3507 671 3566 134.

137 3608 140 3614 ’
202 3631 318 3696 Exorta
330 3637 380 3694 est
400 3627 532 3774 sgdlfim
552 3581 664 3693 decem
684 3626 781 3691 tribus
801 3645 821 3688 a
841 3623 1006 3694 Roboamo
1026 3628 1113 3694 defe-
