2590 4194
605 363 675 435 102

208 543 318 608 Gmtiu
331 553 379 608 est
391 542 543 608 habenda
556 553 686 621 naturoe,
701 543 785 625 quod
797 563 846 621 ea,
860 563 932 626 quae
946 545 1121 608 necessario

166 637 248 704 utut,
261 627 413 710 parabilis
436 627 565 707 fecerit3
587 647 657 709 quae
682 638 787 691 autem
810 648 874 690 non
894 627 996 708 facile,
1011 649 1121 711 paran-

167 719 226 788 tur,
240 711 365 775 minime
383 712 569 775 necessaria.
614 711 766 774 Naturam
786 711 901 774 ducem
914 711 940 774 si
954 713 1121 794 sequimur,

166 814 324 876 nunquam
339 795 559 858 aberrabimus.

167 961 185 1025 f
209 878 343 941 Meliora
366 888 438 942 sunt
460 899 500 942 ea
517 899 588 962 quae
610 879 729 957 staturi,
751 878 844 961 quim
868 899 939 961 quae
962 888 1028 942 arte
1053 899 1123 962 per·

179 971 252 1026 ecta
265 971 348 1025 sunt.
381 1007 384 1014 -

545 1059 744 1116 FORTUNA.

170 1148 283 1296 sPlus
317 1149 494 1216 hominibus
524 1149 662 1228 adversa,
695 1150 789 1233 quim
816 1169 963 1234 prospera
998 1149 1123 1232 prodest

183 1243 305 1298 ortuna.

211 1316 286 1381 Non
316 1317 416 1381 soldm
446 1317 513 1400 ipsa
541 1317 850 1394 fortunacaecaest,
872 1317 1041 1382 sedetiam
1069 1339 1123 1382 eos

168 1399 350 1482 plerumque
365 1422 469 1463 caecos
483 1401 582 1463 efficit
595 1422 673 1480 quos
687 1401 917 1482 complectitur.

211 1479 299 1544 Nihil
313 1483 405 1564 eripit
419 1483 539 1546 fortuna
565 1484 624 1546 nisi
638 1484 723 1565 quod
737 1484 840 1548 dedit:
861 1485 1005 1550 virtutem
1019 1495 1124 1550 autem

167 1585 231 1629 non
245 1566 341 1643 dedit,
356 1567 428 1631 ideo
441 1588 505 1630 non
518 1567 663 1631 detrahit.

211 1647 270 1714 Ille
284 1650 410 1714 insanus
423 1661 480 1728 est,
495 1651 548 1733 qui
563 1651 651 1714 alteri
672 1649 825 1714 fortunam
847 1653 1012 1735 exprobrat
1022 1677 1032 1734 3
1041 1729 1043 1734 ι
1053 1654 1125 1717 cirm

168 1752 262 1797 nemo
276 1734 364 1812 sciat,
379 1735 499 1799 etiamsi
514 1735 626 1800 florens
641 1735 690 1813 sit,
705 1754 745 1799 an
767 1736 808 1799 ad
831 1757 992 1820 vesperam
1013 1739 1125 1802 eadem

169 1816 293 1880 somma
306 1819 346 1880 sit
358 1839 511 1881 mansura.

211 1899 378 1962 Neminem
401 1902 529 1964 adversa
551 1899 673 1964 fortuna
696 1902 906 1968 comminuere
928 1915 1041 1988 potest,
1065 1905 1124 1970 nisi

168 2000 263 2062 quem
278 1983 418 2045 secunda
430 1984 569 2065 decepit.

210 2062 323 2124 Brutus
336 2063 369 2126 in
390 2085 430 2128 eo
451 2065 541 2144 libro,
560 2087 654 2148 quem
677 2068 718 2131 de
741 2068 853 2133 virtute
875 2071 1009 2154 scripsit,
1028 2071 1082 2148 ait,
1095 2095 1125 2136 re

167 2143 270 2208 odore
311 2145 496 2225 Marcellum,
552 2148 705 2234 Mtylettt'n
757 2152 927 2232 aztdamem,
969 2155 1125 2219 bominum&

167 2227 313 2374 ἓξυεηέαη,
347 2252 439 2318 neque
466 2253 595 2318 unquam
629 2237 697 2298 otttc’
730 2235 870 2301 bonarum
901 2239 1009 2302 ortium
1044 2239 1125 2325 cupi·

188 2333 286 2375 toret.

534 2414 756 2472 PATIENTIA.

209 2499 320 2565 Omnis
334 2503 423 2567 dolor
436 2505 586 2586 patientiis
607 2506 740 2569 lenitur:
762 2506 824 2570 alia
846 2509 915 2572 aliis
939 2511 1029 2574 malis
1054 2521 1126 2574 sunt
1206 2570 1211 2579 .

75 2626 81 2638 .
167 2585 315 2658 remedia,
329 2587 480 2664 patientia
498 2598 603 2650 autem
625 2610 789 2652 commune
814 2603 862 2654 cst
885 2595 1038 2659 malorum
1060 2617 1126 2660 om-

166 2663 253 2724 nium
268 2665 479 2727 lenimentum.

210 2743 286 2804 Sine
301 2746 427 2822 querelt
440 2748 621 2810 mortalibus
647 2751 763 2812 tributa
777 2756 959 2832 pendamus.
1005 2761 1126 2842 Hyems

167 2821 283 2905 frigora
310 2825 448 2902 adducit,
476 2827 644 2910 algendum
665 2841 733 2909 est3
763 2844 856 2896 aestas
877 2837 999 2900 calores
1020 2843 1125 2921 refert,

167 2907 362 2972 oestuandum
386 2921 452 2973 est:
474 2909 671 2995 intemperies
693 2914 766 2978 coeli
789 2917 999 2984 valetudinem
1014 2931 1124 3000 tentat,

166 2993 384 3072 oegrotandum
404 3005 462 3072 est,
477 3005 510 3058 ct
535 2995 600 3060 fera
618 2996 708 3060 nobis
730 3001 874 3080 occurrit,
889 3013 923 3066 et
943 3003 1036 3068 homo
1051 3005 1125 3070 feris

167 3075 312 3136 omnibus
326 3078 537 3157 perniciosior.

210 3154 373 3254 Optimum
400 3171 447 3224 est
481 3162 544 3245 pati
575 3165 659 3246 quod
689 3169 855 3234 emendare
877 3191 941 3234 non
962 3173 1072 3256 possis,
1093 3184 1127 3238 et

167 3237 272 3304 Deum
286 3261 352 3305 stne
364 3247 607 3312 murmuratione
623 3250 774 3314 comitari.

210 3323 316 3390 Malus
329 3327 419 3390 miles
432 3338 490 3405 est,
506 3331 560 3410 qui
574 3331 791 3416 imperatorem
804 3357 934 3420 gemens
948 3339 1101 3422 sequitur.

513 3471 785 3532 CONSUETUDO.

185 3610 192 3624 ·
210 3533 299 3601 Nihil
314 3549 379 3605 tam
393 3541 513 3606 firmum
530 3555 580 3608 ert
601 3547 634 3609 in
657 3547 750 3612 rebus
768 3548 920 3629 humenis,
935 3551 1028 3636 quim
1040 3562 1126 3619 vete·

119 3647 123 3654 ·
168 3630 211 3676 ns
224 3626 458 3690 consuetudinis
472 3627 645 3712 imperium.
