2570 4180
620 287 670 356 dt)

170 467 247 530 bunt
271 466 311 530 de
336 464 462 530 flumine
485 475 605 547 septem
627 487 734 531 vaccae
756 467 899 550 pingues,
921 487 991 547 quae
1014 487 1122 548 pusce-

173 550 283 612 bantur
297 551 329 612 in
343 551 467 636 palude.

213 634 336 697 Deinde
358 645 478 716 septem
499 633 569 694 aliae
592 655 699 698 vaccae
724 633 902 698 macilentae
920 633 1064 696 exierunt
1084 653 1123 695 ex

171 719 283 780 eodem
299 719 434 793 flumine,
450 739 519 798 quae
535 717 720 780 devorarunt
734 718 861 801 priores.

214 801 333 862 Pharao
368 814 566 883 experrectus
594 824 713 864 rursum
744 801 897 876 dormivit,
929 811 962 863 et
993 799 1124 863 alterum

172 883 281 945 habuit
295 884 457 947 somnirun.

216 968 344 1048 Septem
366 967 461 1050 spicae
484 969 586 1051 plenae
616 968 844 1033 enascebantur
865 967 898 1030 in
918 987 982 1030 mro
1010 965 1123 1042 culmo,

173 1050 304 1131 aliaeque
326 1052 455 1115 totidem
470 1052 566 1116 exiles
581 1052 831 1127 succrescebant,
846 1061 879 1116 et
893 1051 995 1135 spicas
1017 1049 1125 1131 plenas

172 1136 407 1199 consumebant.

215 1320 278 1382 Ubi
306 1321 417 1396 illuxit,
445 1321 564 1383 Pharao
594 1320 790 1402 perturbatus
811 1319 996 1384 convocavit
1018 1338 1126 1382 orrures

172 1403 367 1485 conjectores
391 1403 529 1486 AEgypti‚
564 1415 597 1467 et
629 1404 763 1467 narravit
790 1403 850 1465 illis
885 1405 1059 1480 somnirun3
1094 1411 1127 1463 at

173 1508 265 1549 nemo
280 1497 402 1569 poterat
415 1488 493 1550 illud
506 1488 711 1570 interpretari.
835 1500 841 1513 ·

216 1570 308 1633 Tunc
338 1571 504 1652 praefectus
525 1571 742 1652 pincernarum
762 1569 839 1634 dixit
860 1569 951 1652 regi:
972 1571 1127 1634 confiteor

174 1665 341 1736 peccatum
354 1676 479 1718 meum:
501 1675 596 1737 quum
614 1676 675 1737 ego
689 1666 722 1716 et
736 1654 902 1736 praefectus
916 1653 1064 1736 pistorum
1078 1671 1126 1714 cs·

174 1759 276 1800 semus
291 1739 322 1800 in
337 1759 473 1813 carcere,
488 1750 619 1819 uterque
634 1738 850 1800 somniavimus
864 1738 976 1800 eadem
989 1747 1094 1800 nocte.

217 1820 292 1882 Erat
312 1821 356 1882 ibi
379 1841 455 1901 puer
476 1821 640 1897 Hebraeus,
663 1821 716 1916 qui
737 1821 835 1916 'nobis
857 1821 1013 1904 sapienter
1033 1819 1125 1884 inter-

175 1911 317 2046 prepptust
332 1913 380 1965 est
401 1903 540 1982 somnia3
561 1924 609 1966 res
631 1923 714 1967 emm
735 1905 1021 1987 interpretationem
1041 1921 1126 1968 com·

175 2006 231 2068 pro
254 2005 326 2047 avr.

630 2076 681 2135 52.

216 2169 287 2232 Rex
314 2171 473 2235 arcessivit
493 2170 673 2254 sompnum,
694 2172 786 2254 eique
806 2174 940 2238 narravit
963 2183 1126 2254 utrumque

176 2253 338 2316 somnium.
391 2254 475 2319 Tum
495 2255 648 2338 Iosephus
668 2255 842 2322 Pharaoni:
870 2257 996 2340 duplex,
1018 2255 1126 2339 inquit,

176 2338 328 2402 somnirun
342 2359 436 2402 unam
450 2351 542 2422 atque
557 2341 689 2404 eandem
703 2362 769 2404 rem
782 2341 948 2424 significat
1063 2401 1068 2408 .

220 2423 348 2505 Septem
361 2444 468 2488 vaccae
493 2424 625 2506 pingues
647 2435 680 2487 et
693 2435 812 2507 septem
827 2424 923 2508 spicae
940 2424 1041 2508 plenae
1056 2429 1127 2484 sunt

177 2516 297 2585 septem
311 2507 382 2568 enni
397 2507 546 2571 ubertatis
559 2528 632 2569 mox
646 2519 792 2571 venturae.

220 2587 347 2664 Septem
358 2589 429 2649 verb
439 2609 546 2650 vaccae
557 2591 733 2652 macilentae
749 2601 782 2652 et
792 2601 912 2671 septem
921 2590 1018 2669 spice
1030 2587 1127 2652 exiles

177 2677 248 2726 sunt
263 2668 392 2727 totidem
407 2671 479 2728 anni
494 2669 592 2744 famis,
607 2691 678 2748 quae
694 2672 868 2732 ubertatem
882 2679 1027 2731 secutura
1041 2680 1099 2728 est.

117 2770 158 2845 7
179 2829 185 2840 ¹
220 2747 339 2841 Itaque,
354 2750 558 2843 rex‚·pra3iice
574 2752 630 2812 toti
645 2753 782 2832 AEgypto
797 2751 894 2842 virum
908 2749 1081 2842 sapientem
1094 2758 1127 2812 et

177 2829 368 2906 industrium,
380 2852 431 2912 qur
447 2841 566 2912 partem
580 2832 703 2915 frugum
716 2832 866 2894 recondat
880 2852 911 2893 m
922 2830 1038 2894 horreis
1048 2831 1126 2914 pub-

112 2923 130 2967 '2
179 2911 256 2988 licis,
271 2925 431 2995 servetque
445 2914 612 2997 diligenter
625 2917 658 2979 in
672 2914 843 2978 subsidium
858 2913 947 2976 famis
960 2924 1124 2978 secuturae.

622 3037 673 3094 53.

219 3123 301 3206 Regi
323 3125 443 3206 placuit
455 3127 618 3191 consilium
629 3151 638 3206 ;
659 3147 753 3208 quare
776 3129 853 3192 dixit
874 3128 1031 3212 Joseph0:
1051 3149 1124 3194 num

178 3208 339 3289 quisquam
360 3220 408 3271 est
428 3211 460 3271 in
482 3211 619 3292 AEgypto
640 3221 672 3273 te
693 3212 884 3294 sapientior?
915 3215 1018 3278 Nemo
1040 3214 1123 3276 certe

116 3305 142 3391 ἑ,
180 3292 323 3376 fungetur
335 3294 444 3356 melius
458 3293 513 3356 illo
527 3315 662 3356 munere.

105 3381 112 3392 '
220 3377 268 3438 En
283 3379 339 3440 tibi
354 3380 442 3441 trado
456 3399 563 3440 curam
576 3378 663 3459 regni
677 3379 750 3442 mei.

221 3459 304 3521 Tum
317 3462 450 3524 detraxit
463 3482 481 3524 e
495 3483 586 3524 manu
602 3461 656 3524 sua
670 3463 826 3549 annulpm,
840 3474 873 3526 et
886 3464 1013 3548 Josepbi
1027 3464 1126 3548 digito

89 3522 131 3605 *s
180 3539 305 3602 inseruit
316 3565 326 3619 3
362 3545 462 3608 induit
492 3545 580 3606 illrnrr
609 3557 694 3608 veste
724 3546 856 3628 byssini,
880 3548 965 3610 coilo
986 3558 1126 3628 torquem
1198 3577 1208 3586 ·
