2570 4180
591 359 639 428 27

180 537 264 602 Deus
278 537 355 600 dixit
369 536 505 599 homini:
527 517 614 598 uiere
628 535 779 598 fructibus
794 535 931 597 oxnnium
945 534 1087 598 urbomm

26 694 28 698 ¹
137 620 281 702 paradisi,
295 631 407 700 praeter
426 619 559 682 fructum
570 619 685 681 arboris
699 619 837 680 scientiae
852 618 927 681 boni
948 629 981 682 et
993 619 1089 697 muli;

137 723 212 766 nam
225 703 251 764 si
266 703 411 780 comedas
425 702 512 764 illmn
527 702 669 777 fructum,
683 701 831 762 morieris.

600 820 630 874 4.

181 917 325 998 Serpens,
355 915 407 994 qui
440 925 505 976 erat
530 913 760 977 callidissimum
788 916 924 976 omnium
949 914 1087 976 animan-

137 999 225 1074 tium,
240 999 318 1080 dixit
337 997 479 1060 mulieri:
514 1015 580 1058 cur*
600 1017 663 1057 non
685 998 822 1058 comedis
845 998 978 1060 fructum
999 997 1086 1058 istius

140 1081 281 1149 arboris?
321 1086 331 1093 ”

181 1163 296 1225 Mulier
317 1163 500 1244 respondit:
521 1161 605 1223 Deus
627 1161 659 1222 id
681 1161 847 1242 prohibuit.
893 1162 927 1223 Si
948 1162 1086 1244 tetigeri-

136 1265 205 1307 mus
220 1245 316 1320 illum,
330 1245 505 1307 moriemur.
584 1264 586 1269 ·
660 1298 661 1302 ,

176 1328 315 1402 Minime,
340 1328 440 1408 inquit
461 1347 606 1408 serpens:
627 1347 690 1388 non
710 1327 903 1406 moriemini3
924 1328 979 1390 sed
1001 1327 1085 1390 eritis

135 1411 251 1474 similes
265 1411 344 1486 Deo,
359 1411 493 1472 scientes
508 1410 623 1472 bonum
638 1419 669 1470 et
683 1409 808 1470 malum.
974 1411 975 1416 ’

177 1493 300 1568 Mulier,
335 1495 470 1574 decepta
496 1493 544 1554 his
576 1492 686 1568 verbis,
708 1493 863 1574 decerpsit
884 1493 1018 1556 fructum
1052 1501 1085 1556 et

135 1576 291 1641 comedit:
312 1577 425 1638 deinde
440 1575 552 1637 obtulit
565 1575 640 1651 viro,
654 1575 707 1656 qui
721 1575 836 1656 pariter
849 1577 997 1638 comedit.

595 1681 624 1735 5.

179 1779 327 1854 Adornus,
362 1777 484 1859 fugiens
512 1785 715 1857 conspectum
741 1777 811 1854 Dei,
839 1799 872 1842 se
908 1749 1083 1842 abs'condit.

134 1863 221 1927 Deus
235 1862 357 1924 vocavit
370 1861 476 1922 illum:
497 1859 627 1934 Adsere,
643 1860 775 1922 Adume.

178 1945 242 2020 Qui
256 1943 434 2027 respondit:
456 1941 543 2004 timui
558 1951 761 2024 conspectum
775 1952 871 2021 tuum,
885 1954 919 2008 et
933 1944 1083 2009 abscondi
1109 1958 1157 2032 >tx

135 2049 239 2207 mezur
253 2111 353 2240 times,
374 2109 474 2192 inquit
497 2109 592 2186 DeuS,
606 2107 665 2172 nisi
679 2108 751 2191 quia
772 2111 935 2174 comedisti
949 2111 1083 2176 fructum

116 2205 312 2340 ‘veiitdenriius
332 2276 509 2358 respondit:
535 2274 655 2351 mulier,
679 2295 772 2356 quarn
795 2277 908 2341 dedisti
935 2276 1010 2341 mihi
1034 2297 1083 2339 so-
1122 2269 1128 2278 ’

135 2360 225 2436 ciam,
242 2360 376 2442 porrexit
389 2359 463 2422 mihi
478 2358 611 2421 fructum
625 2358 718 2419 istum
731 2368 766 2418 ut
780 2360 914 2422 ederem.

177 2443 327 2505 Dominus
348 2442 426 2504 dixit
448 2440 589 2502 mulieri:
611 2461 666 2502 cur
687 2439 788 2503 fecisti
809 2441 893 2506 hoc?
915 2443 999 2512 Quae
1021 2462 1083 2505 res-

135 2521 263 2608 pendit:
285 2545 411 2605 serpens
424 2544 474 2585 me
489 2523 625 2605 decepit.

250 2652 254 2660 ·
380 2649 385 2658 ·
592 2628 621 2684 6.

1126 1569 1175 1600 κ

155 2727 326 2790 'Dominus
354 2726 431 2789 dixit
455 2725 612 2808 serpenti:
644 2727 716 2807 quia
738 2729 890 2810 decepisti
911 2730 1081 2806 mulierem,

134 2810 194 2871 eris
208 2811 332 2873 odiosus
347 2822 379 2873 et
393 2821 553 2873 execratus
575 2809 654 2870 inter
675 2812 778 2873 omniu
791 2814 989 2891 ¹animantia3
1011 2834 1082 2894 rep·

135 2893 213 2954 tabis
228 2915 319 2974 super
333 2904 454 2974 pectus,
469 2903 501 2954 et
515 2894 660 2954 comedes
674 2903 796 2955 terram.

175 2975 351 3037 Inimicitiae
380 2985 470 3036 erunt
490 2975 569 3036 inter
591 2985 621 3036 te
644 2986 677 3036 et
706 2977 887 3054 mulierem3
919 2978 987 3058 ipsa
1007 2977 1082 3038 olim

19 3060 21 3065 ’
91 3054 107 3138 f
133 3053 274 3121 conteret
289 3069 383 3138 ceput
397 3068 494 3119 tuum.

174 3141 260 3202 Dixit
274 3141 367 3202 etiam
380 3139 519 3201 mulieri:
540 3139 673 3201 afficiam
689 3149 721 3202 te
733 3141 837 3203 multis
851 3143 961 3222 melis3
979 3143 1081 3226 paries

134 3223 246 3284 liberos
261 3223 423 3298 indolere,
438 3222 542 3284 eteris
557 3223 588 3282 in
603 3232 756 3302 potestate
770 3225 835 3286 viri.

593 3341 623 3395 7.

175 3402 296 3499 Deinde
317 3434 404 3497 Deus
435 3435 511 3496 dixit
541 3435 683 3499 Adamo:
713 3439 786 3519 quie
815 3439 936 3521 gessisti
963 3457 1079 3500 morem

133 3518 218 3582 uxori
248 3528 320 3594 tuse,
344 3517 474 3580 habebis
496 3527 607 3581 terrum
628 3519 795 3594 infestam:
829 3541 868 3582 ea
890 3521 1001 3585 firndet
1021 3521 1078 3585 tibi
1136 3567 1142 3576 ·

133 3601 237 3686 spinas
250 3600 437 3702 et'carduos.
