2570 4180
656 333 680 402 9

379 512 613 588 Substantiam
628 513 795 610 agreciug
810 512 849 586 iu
868 512 971 588 ome.

577 709 668 772 ddum,
683 709 716 760 R.
732 710 755 760 1.

240 805 377 898 Gloria,
396 805 536 880 virtutis
553 808 692 880 umbra.

239 903 444 978 Alexander
461 903 620 1001 Philippi
637 904 744 982 filius·

238 1001 377 1076 Omnes
393 1025 480 1076 suos
497 1002 630 1076 liberos
646 1003 793 1078 obsides
809 1003 922 1080 dedit.

189 1358 264 1433 One
293 1358 510 1433 Substantia
531 1358 728 1456 governing
753 1359 896 1434 another
924 1358 1143 1435 substantive

491 1458 530 1532 iu
548 1458 603 1531 tbe
623 1457 791 1532 Geudive.

345 1637 349 1642 ’
427 1653 519 1714 num,
533 1653 567 1701 n.
582 1651 732 1714 a-smin,
747 1652 760 1716 a
773 1653 801 1703 a
814 1652 879 1704 nu,

236 1753 363 1826 Rubor
380 1751 520 1826 virtutis
537 1750 640 1824 color
656 1762 723 1824 aab

234 1849 375 1924 Invidia
391 1848 516 1946 gloriae
533 1871 659 1923 comes
676 1860 743 1922 est.

232 1947 343 2024 Nisus
360 1959 440 2023 erat
457 1959 569 2047 portae
587 1960 717 2023 custos.

234 2046 398 2122 Aliorum
414 2047 583 2162 exempla
600 2059 847 2122 commonent.

234 2145 435 2220 calamitas
453 2147 593 2222 virtutis
609 2146 759 2222 occasio
775 2159 843 2221 est

232 2242 307 2316 Ubi
331 2245 464 2320 veteris
488 2245 687 2341 disciplima
713 2243 854 2322 decus?

231 2340 444 2417 Manebat
435 2365 559 2439 imago
583 2341 801 2440 reipublice

230 2439 315 2514 Vim
339 2441 426 2515 solis
450 2443 585 2515 umbre
613 2439 746 2515 levant.

231 2537 344 2611 Nulla
367 2538 483 2611 facies
508 2539 595 2609 mali
620 2540 757 2610 aberat.

230 2732 413 2808 Malorum
439 2733 523 2807 Ilias
540 2733 737 2845 impendet.

231 2832 404 2907 Omnium
429 2855 549 2906 rerum
573 2831 754 2928 principia
778 2855 891 2928 parva
913 2847 1009 2908 sunt.

229 2931 351 3006 Mater
376 2931 506 3007 artium
530 2942 588 3006 est
611 2931 824 3004 necessitas.

229 3029 327 3104 Juno
343 3040 423 3102 erat
447 3027 550 3101 Jovis
572 3039 613 3100 et
636 3049 740 3100 soror
764 3039 803 3101 et
827 3025 971 3124 conjux.

231 3127 374 3202 Praemii
395 3149 491 3240 spes
504 3125 652 3202 solatur.

230 3225 358 3321 Magni
383 3225 494 3301 animi
519 3248 646 3299 comes
670 3236 727 3298 est
751 3223 958 3303 clementia

232 3323 367 3398 Omnia
391 3324 532 3399 virtutis
557 3323 706 3456 praemia
731 3325 882 3400 ambitio
907 3322 1081 3423 possidet,

696 3863 1007 4168 s

1268 3199 1271 3309 i

1013 3453 1267 3721 i
