2590 4194
562 329 565 335 “
602 315 649 384 83

192 491 265 555 Non
279 500 327 556 est
335 463 470 575 ¹magnus
485 491 623 572 pumilio,
638 461 713 556 licet
734 493 767 556 in
787 503 894 558 monte
908 495 1101 560 eonstiteritr

150 573 287 638 colossus
316 574 561 658 magnitudinem
596 575 739 652 servabit,
770 577 892 642 etiamsi
922 579 1043 642 steterit
1070 579 1102 644 in
1152 663 1157 670 Ι

149 667 326 823 putcedcnus
350 739 560 805 vocalissimus
584 753 618 806 et
639 741 776 810 omnium
797 744 899 808 ovium
920 743 1102 806 candidissi-

150 844 229 900 mus,
245 825 383 906 Apollini
397 846 485 888 sacer
498 835 554 887 est.
576 913 580 928 ῃ

612 953 661 1010 18.

194 1065 303 1128 Rebus
331 1087 362 1129 vn
384 1065 527 1128 secundis
549 1066 683 1128 amicum
705 1041 841 1130 invenire
865 1067 957 1130 facile
981 1077 1049 1146 est;
1069 1066 1102 1130 in

152 1149 285 1210 adversis
300 1160 413 1226 autern,
428 1149 565 1211 omnium
578 1149 805 1212 difficillimum.

192 1231 293 1307 Luna,
308 1232 448 1294 incidens
471 1231 503 1294 in
525 1231 666 1294 umbram
690 1241 790 1309 terrae,
809 1233 991 1316 interpositu
1013 1243 1102 1296 tcrrae

156 1316 282 1395 repentis
297 1315 414 1376 delicit.

193 1397 230 1460 ln
244 1396 506 1478 contemplatione
527 1407 646 1460 ncturae
670 1396 747 1461 nihil
771 1409 874 1480 potest
886 1399 982 1462 videri
997 1421 1103 1482 super-

151 1501 297 1626 vallldriilo
318 1563 452 1645 prudens
484 1562 574 1645 punit
602 1564 675 1644 quia
704 1575 872 1647 peccatum
901 1575 959 1644 est,
980 1567 1036 1630 sed
1062 1587 1102 1632 ne

153 1657 422 1792 &ignicoma
442 1737 575 1812 peccota
607 1730 706 1814 purio¹
725 1750 792 1792 esse
818 1730 1021 1804 contendunt,
1042 1751 1103 1794 nec

153 1813 254 1876 minus
280 1813 460 1892 delinquere
485 1833 557 1874 eum
579 1813 631 1892 qui
653 1813 771 1894 gallum
792 1811 1011 1895 gallinaceum,
1033 1814 1104 1878 ovim

154 1916 232 1978 opus
245 1916 309 1958 non
323 1895 423 1971 suerit,
438 1896 529 1975 quv'un
542 1915 614 1957 eum
629 1896 682 1976 qui
696 1907 816 1976 patrem
829 1893 1003 1959 suffocavit.

611 2041 658 2099 19.

198 2156 304 2233 Solon,
332 2156 536 2239 interrogatus
557 2176 626 2218 cur.
641 2155 761 2220 nullum
782 2157 969 2239 supplicium
989 2157 1106 2222 consti·

156 2240 263 2302 tuisset
286 2240 318 2302 in
340 2261 411 2302 eum
431 2239 485 2320 qui
507 2250 668 2319 parentem
688 2241 840 2315 necisset,
865 2242 1044 2320 respondit3
1066 2240 1105 2304 Se

156 2323 188 2384 id
205 2321 491 2405 neminemsacturum
503 2321 627 2403 putdvse'.

199 2406 233 2468 Si
255 2405 341 2466 circu
367 2404 565 2466 occidentem
587 2404 753 2464 rubescant
773 2403 882 2477 nubes,
911 2403 1107 2466 serenitatem

158 2490 266 2551 suturae
281 2487 344 2548 diei
365 2487 539 2566 spondent3
560 2486 607 2548 sin
630 2496 824 2568 sparguntur,
846 2485 965 2568 pluvias
985 2497 1107 2548 ventos-

158 2591 218 2652 que
234 2569 466 2650 significabunt.

201 2653 234 2716 Si
257 2652 404 2733 poculum
426 2649 599 2731 impleveris
620 2650 710 2730 aqud,
725 2661 757 2713 et
771 2651 803 2715 in
818 2651 849 2713 id
863 2651 1036 2734 conjeceris
1054 2673 1108 2715 un·

158 2735 274 2810 nulum,
290 2735 360 2796 clun
384 2734 416 2794 in
441 2733 508 2814 ipso
535 2732 747 2816 fundop'pceet
770 2734 911 2811 annulus,
925 2735 1021 2798 saciet
1041 2737 1109 2820 ejus
1160 2799 1165 2806 ,

160 2820 192 2882 in
206 2839 324 2880 summo
339 2837 429 2898 cquae
445 2815 599 2878 reddetur.

611 2961 663 3018 20.

204 3083 358 3156 Socrates,
380 3079 493 3141 interro
516 3078 590 3153 anti,
605 3076 762 3158 quodnam
776 3086 858 3139 esset
871 3075 1111 3158 pulcherrimum

161 3164 284 3240 animal,
299 3162 476 3244 respondit3
531 3183 593 3222 omo
608 3159 716 3222 artibus
730 3171 756 3222 ot
770 3160 903 3222 doctmod
918 3172 1047 3224 mutus.

204 3247 380 3328 Aristippus
394 3245 609 3325 interrogatus,
623 3243 685 3322 qud
698 3264 731 3306 re
745 3254 828 3306 esset
845 3243 954 3306 melior
967 3263 1113 3306 evasurus

162 3332 253 3406 filius,
267 3330 292 3391 si
306 3349 378 3390 eum
400 3326 517 3388 artibus
539 3337 572 3387 et
594 3326 689 3387 literis
709 3326 854 3401 erudiret,
870 3325 978 3403 inquit,
997 3323 1036 3386 Ut
1054 3344 1113 3386 noc

161 3413 193 3476 in
208 3414 315 3475 theatro
329 3410 453 3472 inuideat
467 3407 542 3491 lupis
555 3431 589 3470 su
610 3431 641 3470 er
654 3408 788 3492 lapidem.

205 3495 287 3559 Fons
310 3503 344 3556 et
366 3491 451 3554 radix
473 3491 574 3553 omnis
584 3431 756 3554 donestntis
770 3499 827 3564 est,
841 3487 867 3550 si
880 3486 949 3567 quir
963 3484 994 3548 in
1006 3485 1115 3570 juven·

164 3590 230 3644 tute
245 3577 329 3640 recte
345 3575 530 3640 instituatur.
