2590 4194
621 325 689 398 109

167 503 346 568 Alexander
359 505 420 569 hoc
435 505 531 570 officii
544 527 660 589 genus3
680 525 760 569 unus
773 525 812 570 ex
826 503 947 590 legatis,
961 505 1061 585 Nulli,
1076 505 1123 570 in-

167 588 244 669 quit,
259 589 397 652 ciuitatem
411 613 537 685 unquam
551 591 679 652 dedimus
692 587 755 665 alii,
765 591 852 676 qudm
868 589 920 652 libi
941 600 967 652 et
988 588 1111 654 Herculi

210 671 410 736 Antisthenes
433 674 578 752 dicebat3
600 673 696 736 satius
717 693 785 736 esse
807 694 881 736 cum
902 673 1010 756 paucis
1031 673 1122 737 bonis

168 755 313 817 adversus
327 776 434 818 omnes
448 757 545 819 malos
560 777 709 839 pugnare,
732 757 824 837 qudxn
844 779 917 820 cum
937 758 1042 820 multis
1056 779 1122 820 rna-

167 837 205 900 lis
215 839 359 901 adversus
380 861 499 921 paucos
523 841 632 902 bonos.
677 841 806 903 Praestat
827 841 910 903 enim
931 842 971 904 de
993 863 1122 904 numero

167 921 319 984 bonorum
351 944 429 999 esse,
462 943 590 1004 quorum
611 923 727 1004 ubique
749 924 857 986 raritas
878 935 935 1002 est,
967 925 1060 1006 quium
1080 925 1121 987 de
1220 923 1224 940 '

166 1026 263 1088 grege
278 1005 438 1084 malorum,
453 1027 583 1087 quorum
597 1007 713 1088 ubique
728 1006 823 1088 plena
836 1018 909 1080 sunt
922 1009 1035 1070 omnia.

210 1123 386 1186 Alexander
407 1144 494 1186 suam
519 1123 696 1206 imaginem,
711 1124 751 1184 ab
770 1123 1031 1205 Apelle'pictam,
1046 1145 1121 1187 con-

166 1207 343 1288 templatus,
358 1227 420 1269 non
435 1207 573 1269 laudavit
587 1228 643 1288 pro
656 1206 810 1289 dignitate
825 1206 966 1288 picturae.
1011 1207 1121 1275 Quum

166 1299 270 1352 autern
291 1290 484 1353 introductus
508 1312 606 1371 equus
621 1289 796 1352 adhinniret
818 1310 900 1372 equo
922 1291 1008 1352 istius
1030 1291 1121 1352 tebu-

166 1372 216 1449 lae,
231 1384 378 1454 tanquam
392 1374 416 1436 si
431 1395 519 1437 verus
533 1385 615 1437 esset
628 1385 661 1436 et
676 1374 742 1456 ipse
755 1397 764 1453 3
789 1373 819 1436 0
833 1395 894 1450 reu,
909 1373 1009 1455 inquit
1023 1374 1121 1455 Apel-

166 1455 221 1532 les,
235 1457 279 1519 hic
293 1459 364 1520 sane
383 1480 479 1542 equus
501 1457 573 1520 artis
594 1457 744 1540 pingendi
765 1458 862 1522 multb
887 1457 1013 1539 peritior
1027 1459 1120 1539 quim

168 1549 200 1601 tu
214 1561 281 1603 esse
296 1541 426 1602 videtur.

208 1623 440 1703 Epaminondas
463 1643 558 1684 unum
580 1622 718 1686 habebat
739 1623 878 1704 pallium,
902 1624 995 1703 idque
1024 1623 1121 1685 sordi-

165 1706 239 1788 dum
251 1728 261 1783 ;
283 1706 308 1767 si
330 1706 455 1787 quando
476 1707 547 1768 verb
569 1706 646 1768 illud
668 1707 804 1768 dedisset
825 1706 858 1767 in
879 1705 1005 1768 hillonis
1020 1705 1119 1768 offici·

165 1810 247 1865 uam,
263 1789 329 1872 ipse
344 1811 377 1853 se
392 1789 475 1852 domi
490 1789 672 1852 continebat
686 1791 727 1852 ob
742 1789 878 1872 inopiam
893 1789 1029 1853 alterius.

207 1913 411 1976 Anaxarchus
445 1913 657 1977 Alexandrum
686 1913 817 1990 ridebat,
839 1914 923 1996 qubd
957 1933 991 1978 se
1019 1913 1120 1996 ipsum

168 1997 270 2066 Deum
285 1998 413 2060 faceret.

207 2082 315 2150 Quum
329 2082 400 2144 verb
412 2091 581 2164 aegrotaret
602 2079 769 2163 aliquando
790 2083 977 2159 Alexander,
991 2092 1024 2145 et
1047 2082 1120 2146 ideo

165 2166 303 2228 medicus
338 2165 368 2228 ei
403 2165 603 2227 sorbitionem
639 2167 824 2247 preciperet
855 2165 981 2247 parari3
1016 2166 1119 2230 ridens

165 2248 389 2328 Anaxarchus3
419 2247 461 2308 At
482 2248 574 2309 nostri
598 2247 669 2323 Dei,
690 2247 799 2330 inquit,
825 2249 857 2311 in
880 2247 1034 2310 sorbitione
1057 2271 1120 2332 spes

167 2333 230 2394 silc
244 2345 320 2394 sunt.
525 2329 529 2337 ’

208 2416 410 2498 Pythagoras,
424 2413 618 2496 tyrannidem
639 2415 771 2496 fugiens,
786 2414 818 2476 in
841 2412 964 2476 Italiam
978 2413 1072 2489 venit,
1087 2423 1120 2476 et

165 2519 236 2578 quae
251 2498 404 2559 didicerat
424 2497 464 2558 de
486 2519 587 2559 rerum
608 2499 717 2560 naturh
737 2498 906 2577 mundique
932 2497 1064 2577 aperuit,
1087 2507 1120 2559 et

166 2581 205 2642 ad
230 2581 355 2642 modum
376 2581 474 2642 seculi
495 2581 612 2657 docuit,
635 2581 677 2643 ad
698 2603 770 2643 usus
791 2579 982 2643 necessarios
1003 2591 1120 2644 cuncta

166 2664 325 2746 praebente
341 2663 429 2738 terris,
444 2663 532 2726 nefas
546 2685 613 2728 esse
631 2665 817 2728 animalibus
830 2663 925 2726 vesci.

207 2766 319 2829 Priscis
341 2767 541 2848 temporibus,
562 2769 633 2831 clun
658 2769 760 2831 adhue
791 2769 877 2830 nude
897 2768 992 2830 virtus
1013 2767 1119 2850 place-

165 2861 221 2926 ret,
237 2851 386 2932 vigebant
407 2861 488 2913 artes
523 2851 680 2934 ingenuae,
709 2873 923 2930 summumque
958 2862 1118 2914 certamen

165 2934 245 2996 inter
266 2934 406 2994 homines
428 2945 504 3008 erat,
533 2955 574 2995 ne
599 2934 674 3012 quid
702 2933 895 3013 profuturum
916 2932 1039 2993 saeculis
1063 2934 1119 2994 diu

165 3017 288 3077 lateret.
332 3015 442 3094 Itaque
457 3015 595 3090 omniurn
610 3014 775 3075 herbarum
797 3031 907 3074 succos
920 3013 1119 3076 Democritus

165 3097 324 3177 expressit,
353 3105 395 3171 et,
423 3117 463 3158 ne
492 3096 629 3177 lapidum
653 3095 916 3178 virgultorumque
932 3096 975 3157 vis
997 3095 1117 3175 lateret,

165 3189 289 3240 aetutem
304 3179 383 3241 inter
397 3179 607 3260 experimenta
621 3179 822 3261 consumpsit.

207 3261 478 3344 Carthaginienses
505 3263 583 3325 duos
604 3264 827 3345 gubernatores
855 3263 926 3324 navi
953 3263 1116 3338 dederunt,

166 3343 332 3408 absurdum
347 3366 415 3407 esse
430 3345 579 3422 dicentes,
595 3348 658 3408 duo
679 3347 805 3426 quidem
829 3344 1043 3428 gubernacula
1052 3344 1118 3406 ’ha-

165 3427 258 3506 bere3
280 3448 352 3490 eum
372 3427 454 3503 vero,
469 3428 521 3508 qui
545 3429 764 3512 navigantibus
778 3429 956 3498 utilissimus
978 3436 1070 3503 esset,
1084 3437 1118 3490 et

165 3510 328 3592 imperium
348 3509 434 3574 navis
458 3520 588 3590 teneret,
612 3511 712 3575 solum
732 3521 765 3576 et
786 3511 904 3592 absque
936 3529 1116 3576 successore

165 3615 204 3658 ac
219 3594 305 3659 socio
318 3615 397 3658 esse.
422 3683 461 3738 10
