2570 4180
655 339 703 410 6⁶2

242 619 313 686 Rex
333 620 498 705 indignans
519 623 697 704 respondit:
718 621 822 703 inique
845 621 931 698 lecit,
946 619 1085 702 quisquis
1098 618 1164 682 ille

202 715 268 784 est3
289 725 345 786 pro
359 725 416 767 ove
431 703 545 781 abluti,
559 716 693 786 quatuor
706 726 779 768 oves
793 705 912 768 reddet.

244 788 327 850 Tum
341 787 493 870 prophete
506 789 631 870 aperte:
652 799 697 864 tu,
719 789 772 865 ait,
787 799 820 851 tu
839 809 873 850 es
887 787 945 850 iste
959 787 1025 849 vir:
1045 796 1078 850 te
1092 787 1165 849 De-
1270 842 1271 845 ,

202 890 239 932 us
250 869 342 933 bonis
360 871 502 933 omnibus
516 871 695 946 cumulavit,
721 882 752 934 te
777 891 884 954 regem
907 871 1037 946 fecitte
1051 871 1092 934 ab
1108 871 1158 932 iri

204 953 305 1016 Sai'rlis
328 952 480 1030 liberavit,
494 953 551 1017 tibi
576 953 694 1037 regiam
714 956 850 1030 domum,
875 954 976 1037 regius
998 973 1075 1036 opes
1097 965 1164 1015 tra-
1271 949 1272 982 ³

202 1035 291 1100 didit.

245 1119 308 1182 Cur
321 1140 398 1203 ergo
419 1141 547 1184 uxorem
567 1121 652 1184 Urioe
675 1121 824 1202 rapuisti?
847 1141 903 1182 cur
917 1120 1015 1182 virum
1037 1119 1163 1181 iunoni-

204 1221 267 1278 um,
281 1202 378 1266 virum
392 1204 449 1266 tibi
463 1203 657 1279 militantem,
671 1202 777 1285 gladio
800 1203 935 1266 hostium
948 1201 1131 1264 interfecisti
1146 1202 1163 1264 ἓ

246 1285 306 1348 His
330 1287 489 1368 prophetas
512 1288 612 1350 verbis
634 1298 736 1348 motus
757 1287 858 1349 David
879 1286 1007 1368 culpam
1031 1284 1165 1368 agnovit

204 1377 238 1429 et
251 1367 410 1430 coufessus
424 1379 482 1432 est.

246 1449 306 1512 Cui
320 1451 491 1532 prophete:
513 1452 580 1529 tibi,
595 1453 704 1534 inquit,
718 1453 804 1517 Deus
819 1453 977 1516 condonat
991 1462 1165 1534 peccatum
1266 1502 1268 1519 .

205 1542 314 1613 tuum3
335 1544 472 1599 attamen
486 1535 577 1615 filius,
592 1538 644 1623 qui
658 1547 750 1600 natus
764 1548 812 1600 est
825 1537 893 1614 tibi,
906 1536 1064 1600 morietur.

647 1666 717 1724 122.

249 1776 346 1840 Pauld
370 1778 441 1860 pdst
460 1778 560 1842 infans
581 1779 613 1842 in
633 1801 759 1863 gravem
780 1781 922 1844 morbum
942 1778 1071 1858 incidit3
1102 1799 1163 1860 per

207 1869 327 1940 septem
340 1861 407 1922 dies
421 1861 522 1923 David
537 1861 568 1924 in
582 1883 699 1944 magno
719 1863 806 1925 luctu
831 1863 898 1938 tuit,
913 1862 987 1926 cibo
1001 1862 1165 1925 abstinens
1269 1896 1270 1907 κ

207 1951 240 2004 et
254 1961 354 2002 orans.

250 2021 309 2086 Die
326 2022 458 2104 septimo
473 2025 573 2088 infans
586 2037 725 2091 mortuus
740 2039 797 2106 est,
812 2049 871 2092 nec
887 2027 953 2091 ausi
968 2037 1039 2091 sunt
1053 2025 1165 2090 semuli

208 2106 240 2170 id
254 2105 321 2190 regi
335 2106 495 2170 nunciare.

251 2189 343 2259 Quos
357 2199 392 2253 ut
404 2190 481 2254 vidit
502 2191 602 2256 David
623 2193 829 2273 mussitantes,
844 2194 1006 2272 intellexit,
1021 2193 1053 2256 id
1075 2195 1167 2275 quod

208 2283 284 2350 eret,
298 2287 455 2338 mortuum
470 2296 537 2340 esse
552 2277 711 2340 infantem.

250 2357 353 2435 Tunc,
376 2357 464 2422 luctu
483 2361 635 2444 deposito,
655 2361 746 2446 jussit
766 2363 825 2426 sibi
847 2363 963 2446 apponi
985 2363 1084 2438 cibos,
1104 2360 1167 2424 mi-

210 2442 409 2525 rantibusque
430 2444 540 2508 aulicis
561 2445 658 2509 dixit:
680 2457 851 2530 aegrotante
876 2447 1016 2528 puerulo,
1037 2445 1167 2530 jejunus

210 2527 347 2602 orabam,
376 2547 502 2608 sperans
530 2528 652 2593 scilicet
673 2529 775 2593 Deum
798 2529 914 2613 placeri
937 2551 1048 2612 posse3
1078 2547 1166 2590 nunc

210 2619 325 2684 autem,
354 2629 449 2687 quum
476 2621 614 2672 mortuus
636 2613 686 2691 sit,
707 2635 764 2674 our
786 2613 895 2676 frustris
916 2611 1067 2695 lugeam?
1089 2630 1167 2674 num

209 2699 319 2768 potero
333 2687 421 2749 illum
435 2691 475 2752 ad
490 2691 584 2753 vitum
599 2695 765 2755 revocare?

651 2813 719 2869 123.

253 2925 303 2990 Ad
330 2925 413 2990 hunc
435 2924 573 2990 dolorem
595 2926 674 2989 alius
706 2924 840 2987 accessit
866 2921 975 2987 dolor:
1012 2923 1162 3004 Absalon,

211 3012 291 3074 filius
318 3010 455 3089 Davidis,
481 3021 641 3093 paternum
663 3028 793 3092 reguum
815 3007 981 3085 affectavit,
1005 3007 1164 3073 concitata

210 3091 407 3156 multitudine
418 3094 573 3174 imperitii,
588 3094 734 3155 adversus
749 3102 866 3172 patrem
882 3091 1054 3156 rebellavit.

253 3173 291 3236 Id
314 3173 367 3236 ubi
390 3176 538 3257 cognovit
551 3175 661 3250 David,
683 3175 816 3236 excessit
837 3175 1062 3258 Hierosolymis,
1082 3177 1161 3238 veri-

211 3269 261 3322 tus
275 3277 325 3334 ne,
339 3256 364 3318 si
379 3256 423 3319 ibi
443 3267 624 3333 remaneret,
640 3257 779 3320 Absalon
798 3277 870 3320 cum
884 3259 1022 3321 exercitu
1035 3258 1161 3322 veniens

211 3342 321 3404 urbem
334 3340 452 3423 regiam
464 3341 630 3417 obsideret,
645 3361 776 3422 eamque
791 3341 871 3404 ferro
885 3351 919 3404 et
932 3341 1009 3424 igne·
1018 3350 1160 3404 vastaret

254 3425 363 3494 Quare
387 3445 528 3508 egressus
550 3443 622 3485 etun
646 3425 708 3486 suis
731 3425 783 3505 qui
805 3425 837 3486 in
859 3424 964 3486 officio
984 3425 1161 3498 manebant,

211 3507 395 3571 conscendit
417 3518 555 3571 montem
579 3506 728 3571 olivarum
753 3509 840 3584 flens,
866 3507 957 3570 nudis
978 3505 1110 3589 mdibus
1130 3520 1162 3569 et

184 3593 323 3668 'operto
337 3591 452 3671 capite.
487 3661 490 3671 (
