2590 4194
621 350 670 420 93

211 528 284 591 Dati
319 529 467 626 beneficii
498 531 649 595 debemus
678 525 830 607 oblivisci,
862 531 986 615 accepti
1017 541 1121 597 autem

169 631 290 692 temper
303 633 488 676 memmrsse.

212 695 304 758 Titus
328 697 535 778 Vespasianus
563 717 655 778 super
679 717 802 760 coeuam
825 696 995 776 aliquando
1020 717 1123 760 recor-

168 777 268 853 datus,
284 779 366 858 qubd
380 801 420 841 eo
433 780 484 842 die
495 780 611 842 nemini
623 780 790 862 quiequam
801 780 1004 862 praestitisset,
1017 779 1122 857 Amici,

169 859 277 942 inquit,
291 862 364 924 diem
372 863 502 946 perdidi.
934 887 936 891 ·

562 962 726 1017 DESIDIA.

211 1051 370 1114 Desidiam
384 1073 443 1114 ceu
458 1061 578 1133 pestem
592 1053 748 1132 quandam
769 1072 890 1135 semper
904 1051 1022 1136 fugite;
1043 1051 1119 1117 nihil

169 1153 229 1197 non
243 1135 394 1197 malorum
408 1135 490 1198 enim
505 1135 599 1196 docet
612 1135 742 1197 desidia.

208 1217 269 1280 Par
282 1229 437 1300 torporem
452 1218 530 1280 vires
544 1228 577 1279 et
590 1217 750 1300 ingenium
763 1219 915 1282 defluunt.

208 1299 354 1381 Improba
376 1301 503 1362 vitanda
524 1311 572 1362 est
590 1300 711 1362 desidia
732 1303 832 1364 siren:
850 1302 980 1378 avobis,
991 1302 1121 1386 juvenes

115 1412 119 1418 ·
167 1382 274 1462 procul
303 1383 407 1445 absint
433 1383 550 1458 mollia,
573 1383 710 1462 blanda3
733 1385 829 1446 ardua
850 1383 958 1465 petite,
980 1385 1121 1448 difficilia

165 1465 332 1560 suscipite3
353 1487 506 1548 persana,
527 1486 583 1548 per
604 1486 706 1548 rupes,
721 1487 777 1550 per
797 1468 896 1550 ignes,
915 1467 1035 1530 divinas
1048 1468 1120 1530 Mu-

165 1568 214 1610 sas
230 1550 434 1612 insectamini.

208 1631 295 1727 Nibil
310 1633 443 1714 agendo,
464 1633 544 1695 male
567 1653 661 1714 agere
685 1632 863 1716 perdisces:
884 1641 920 1696 ut
934 1633 1047 1716 rubigo
1061 1631 1120 1696 ler-

164 1735 243 1791 rum,
257 1725 301 1777 rta
314 1716 412 1778 otium
425 1715 504 1778 vires
518 1717 682 1778 consumit.

208 1798 252 1862 Ut
276 1819 365 1880 aquae
388 1809 568 1882 stagnantes
594 1798 686 1862 facile
710 1807 957 1882 corrumpuntur,
979 1797 1025 1862 sio
1046 1797 1118 1876 vita,

162 1880 250 1946 nullo
263 1882 391 1966 negotio
405 1892 570 1965 occupata,
585 1882 665 1945 vitiis
679 1881 828 1946 obruitur.

494 1994 784 2051 TEMPERANTIA.

203 2082 433 2166 Temperantia,
458 2081 491 2145 in
518 2083 610 2146 rebus
632 2093 687 2146 aut
707 2082 899 2167 expetendis,
921 2093 975 2148 aut
995 2081 1117 2168 largien-

162 2167 219 2242 dis,
233 2167 384 2230 rationem
397 2177 433 2230 ut
447 2187 610 2247 sequamur
622 2177 740 2230 monet.

203 2250 241 2312 In
255 2251 397 2312 omnibus
412 2250 605 2329 adhibendus
620 2260 668 2311 est
681 2250 809 2312 modus:
822 2270 886 2312 non
900 2251 1049 2330 quantum
1063 2271 1116 2313 ve-

161 2333 209 2408 lis,
223 2334 278 2395 sed
292 2335 440 2414 quantiam
455 2353 575 2395 sumere
588 2333 717 2407 debeas,
736 2333 940 2414 temperantia
954 2333 1114 2413 permittit.

160 2415 264 2478 Mater
285 2417 425 2479 sanitatis
446 2426 494 2479 est
515 2415 722 2493 abstinentia3
743 2426 842 2476 mater
855 2414 1048 2496 aegritudinis
1062 2436 1116 2478 vo-

160 2499 263 2580 luptas
276 2521 284 2560 ε
299 2499 506 2580 temperantia
515 2498 598 2560 enim
608 2510 641 2560 et
654 2498 778 2560 morbos
789 2509 821 2560 et
831 2507 1002 2580 egestatem
1017 2508 1112 2560 arcet.

204 2581 296 2644 Solus
311 2583 343 2644 in
365 2582 481 2644 illicitis
495 2602 558 2644 non
572 2583 667 2658 cadit,
682 2581 734 2662 qui
749 2601 782 2644 se
797 2580 965 2662 aliquando
987 2592 1020 2645 et
1040 2602 1059 2644 a
1078 2581 1114 2644 li·

159 2665 230 2728 citis
244 2667 334 2728 caute
350 2665 494 2728 abstinet.

202 2749 392 2832 Pythagoras
406 2747 607 2844 philosophus
621 2746 769 2810 olusculis
784 2747 902 2843 tantum
924 2757 957 2810 et
972 2746 1112 2844 frugibus

101 2897 103 2904 ,
158 2833 351 2908 vescebatur,
366 2832 511 2895 carnibus
525 2833 719 2894 abstinebat:
734 2843 842 2914 potum
855 2831 901 2893 rllr
915 2830 983 2894 sons
993 2833 1110 2895 tribuit.

530 2934 745 2988 NOBILITAS.

200 3023 337 3087 Virtutes
352 3023 436 3084 certe
451 3020 579 3095 faciunt,
594 3030 629 3081 ut
642 3018 721 3080 alter
736 3017 834 3079 altero
847 3015 981 3078 nobilior
995 3016 1044 3080 sit.

201 3107 317 3169 Praeter
340 3106 484 3166 virtutem
505 3103 623 3166 nullam
644 3121 783 3183 agnosco
806 3100 1019 3184 nobilitatem;
1041 3099 1112 3164 reli·

159 3211 220 3271 qua
233 3188 305 3250 verb
320 3199 436 3250 cuncta
451 3187 580 3249 fortunae
597 3185 727 3248 aestimo.

202 3271 259 3334 Ille
275 3271 386 3346 clama,
401 3270 453 3332 ille
476 3270 624 3345 sublimis,
639 3267 691 3330 ille
713 3266 836 3345 nobilis,
851 3268 904 3349 qui
926 3267 1112 3348 dedignatur

159 3355 270 3419 servire
285 3353 365 3416 vitiis
378 3363 411 3416 et
425 3353 465 3415 ab
479 3353 524 3415 eis
538 3351 685 3433 superari.
738 3355 741 3366 ’

201 3438 306 3501 Bonus
319 3438 364 3499 vir
376 3437 452 3499 mihi
474 3435 588 3499 nobilis
608 3436 748 3498 videtur:
770 3432 909 3512 quivero
930 3451 993 3492 non
1011 3429 1112 3512 justus

158 3532 216 3597 est,
231 3520 306 3584 licet
321 3542 340 3582 a
354 3531 440 3601 patre
454 3519 593 3594 meliore,
608 3520 700 3600 quam
714 3516 835 3598 Jupiter
856 3524 914 3592 est,
935 3533 1034 3598 genus
1054 3513 1112 3577 du-

158 3616 220 3682 cat,
235 3604 379 3689 ignobilis
394 3604 469 3668 mihi
483 3603 613 3666 videtur.
