2570 4180
585 341 634 412 33

179 521 246 592 Qui
271 524 522 605 respondemnt:
543 541 690 586 vocemus
712 518 859 604 puellam,
872 528 905 582 et
926 528 1090 602 perconte-

135 623 206 668 mur
220 606 288 688 ejus
302 607 496 669 sententiam.

180 689 291 758 Quum
317 690 477 752 Rebecca
497 689 639 764 venisset,
661 685 810 749 sciscitati
832 696 913 762 sunt,
935 706 976 749 an
997 684 1092 749 vellet

139 771 301 840 discedere
316 793 389 836 cmn
403 773 551 835 homine?
573 772 664 847 Volo,
679 770 779 851 inquit
793 769 856 832 illa.

180 855 370 918 Dimiserunt
390 876 466 938 ergo
487 856 670 918 Rebeccam
691 865 724 916 et
747 853 901 916 nutricem
915 851 1008 929 illius,
1023 872 1093 935 pre·

137 948 246 1002 cantes
260 940 290 1002 ei
304 939 409 1002 omnia
423 950 579 1021 prospera.

183 1103 311 1168 Isaacus
325 1105 402 1168 fort'e
417 1116 492 1168 tunc
516 1105 736 1167 deambulabat
758 1125 846 1183 rure3
867 1103 944 1166 vidit
957 1102 1093 1165 camelos

138 1188 310 1251 venientes·
355 1189 454 1251 Simul
476 1185 635 1263 Rebecca,
659 1187 842 1268 conspicata
869 1187 968 1248 vimm
988 1187 1094 1248 deam-

139 1271 310 1347 bulantem,
324 1272 451 1335 desiluit
465 1293 482 1335 e
498 1271 628 1347 camelo,
643 1280 677 1333 et
690 1269 893 1354 interrogavit
912 1269 1094 1346 Eliezerem,

141 1354 210 1437 quis
223 1365 272 1417 est
285 1355 338 1417 ille
353 1354 421 1418 vir?

182 1435 304 1500 Eliezer
325 1437 484 1518 respondit
499 1461 507 1501 ε
531 1438 597 1521 ipse
608 1448 656 1502 est
669 1436 761 1502 herus
774 1458 873 1502 meus.
917 1435 978 1500 Illa
991 1434 1096 1498 statim

143 1521 265 1604 operuit
279 1542 312 1584 se
327 1521 434 1602 pallio.
725 1529 728 1536 '

182 1604 305 1666 Eliezer
318 1604 453 1666 narravit
466 1603 577 1668 Isaaco
591 1604 696 1668 omnia
709 1625 779 1686 quaa
795 1603 924 1666 lecerat.

183 1685 314 1756 Isaacus
332 1686 501 1749 introduxit
519 1688 702 1750 Rebeccam
722 1687 755 1750 in
776 1685 1013 1749 tabemaculum
1031 1707 1097 1750 ma-

140 1769 196 1834 tris
210 1791 287 1849 suae,
301 1779 334 1834 et
354 1769 467 1834 lenitus
489 1781 540 1836 est·
551 1769 649 1848 dolor,
664 1791 756 1853 quem
770 1769 918 1853 capiebat
938 1789 977 1835 ex
997 1780 1097 1834 morte

141 1853 259 1918 matris.
832 1869 834 1874 ·

110 2063 122 2108 .·
182 2019 335 2086 Rebecca
348 2023 447 2088 edidit
467 2043 530 2086 uno
547 1943 644 2106 pedit
658 2021 737 2086 duos
758 2021 848 2100 filios,
870 2019 984 2086 Esaiim
997 1987 1031 2086 et
1044 2019 1098 2085 Ja-
1218 2105 1222 2112 Ι

121 2110 126 2117 “
141 2104 267 2168 cabum.
312 2106 380 2175 Qui
394 2107 477 2191 prior
490 2108 592 2171 editus
606 2117 663 2185 est,
674 2107 794 2191 pilosus
808 2117 876 2171 erat
889 2130 899 2188 3
922 2107 1001 2170 alter
1014 2105 1097 2182 verb,

142 2186 241 2252 lenis:
263 2189 316 2253 ille
331 2191 390 2254 suit
403 2202 531 2256 venator
544 2202 697 2268 strenuus,
711 2189 763 2254 hic
778 2201 883 2255 autem
901 2189 1044 2276 placidus
1065 2199 1099 2254 et

141 2271 274 2354 simplex
287 2275 435 2338 moribus.
729 2339 733 2346 ,

185 2355 333 2426 Quadam
347 2359 409 2435 die,
425 2379 520 2440 quum
534 2358 672 2422 Iacobus
686 2355 745 2418 sibi
767 2357 936 2439 paravisset
956 2356 1099 2440 pulmen-

142 2449 208 2502 tum
237 2461 275 2504 ex
304 2441 449 2518 lentibus,
473 2443 559 2505 venit
579 2441 677 2504 Esa'us
705 2439 803 2502 sessus
824 2440 864 2502 de
885 2439 944 2516 via,
968 2449 1002 2502 et
1022 2438 1100 2502 dixit

143 2521 249 2586 fratri:
270 2525 312 2586 da
332 2525 408 2586 milri
429 2525 490 2588 hoc
512 2526 706 2608 pulmentum
716 2547 727 2604 ;
747 2544 821 2586 nam
841 2523 936 2587 redeo
957 2543 1026 2586 rure
1044 2543 1099 2586 ex·

90 2615 99 2626 '
114 2609 115 2612 ’
144 2606 297 2670 animatus
311 2607 501 2671 lassitudine.

185 2691 244 2752 Cui
259 2690 415 2753 lacobus:
432 2692 525 2768 dabo,
535 2691 559 2754 si
574 2693 730 2755 concedas
740 2691 814 2754 mihi
827 2692 877 2776 jus
888 2689 1097 2774 primogeniti.

184 2773 314 2920 {aciem
336 2774 479 2853 libenter,
501 2775 603 2858 inquit
623 2777 730 2839 Esaits.
775 2775 850 2838 Jura
871 2797 956 2860 ergo,
981 2775 1026 2836 ait
1046 2772 1099 2836 Ja-

144 2877 184 2920 co
206 2879 252 2919 us.

185 2941 283 3004 Esails
294 2942 407 3026 juravit
421 2953 453 3006 et
467 2943 607 3010 vendidit
618 2943 667 3025 jus
682 2963 781 3004 suum.

187 3110 323 3186 Isaacus,
339 3109 392 3190 qui
416 3109 633 3173 delectabatur
645 3107 819 3186 venatione,
835 3108 959 3172 amabat
972 3109 1099 3187 Esai'rm,

144 3193 163 3255 J
165 3194 284 3254 acobus
298 3194 371 3256 verb
386 3203 453 3255 erat
468 3193 568 3256 carior
581 3193 752 3255 Rebeccae.

189 3275 299 3344 Quum
312 3276 440 3338 isaacus
458 3277 522 3358 jam
537 3277 697 3350 senuisset,
712 3285 745 3338 et
758 3275 859 3339 factus
880 3287 963 3340 esset
983 3296 1099 3352 caecus,

145 3358 270 3422 vocavit
293 3358 428 3420 Esaiim:
450 3359 572 3436 sumito,
596 3358 705 3440 inquit,
728 3360 912 3442 pharetram,
941 3377 1048 3420 arcum
1067 3368 1101 3421 et
1190 3399 1196 3412 ι

145 3443 296 3526 sagittas3
318 3441 395 3504 affer
415 3440 491 3503 mihi
513 3452 545 3504 et
566 3443 695 3523 parade
710 3445 874 3506 venatione
897 3441 1099 3523 pulmentum,
1158 3444 1160 3452 '

145 3536 181 3589 ut
202 3525 366 3622 comedam
380 3534 413 3588 et
434 3544 585 3608 apprecer
606 3527 662 3590 tibi
685 3526 787 3590 fausta
807 3524 912 3590 omnia
933 3534 1101 3608 antequam

145 3629 267 3675 moriar.
378 3660 381 3665 .
