2570 4180
525 336 643 442 *rr

599 519 618 577 8
643 561 650 576 .

426 619 501 674 LEO
531 618 582 671 ΕΤ
612 520 828 672 ΆΒΙΠΒΟΙΙΙΜΒ.

188 711 263 775 Mus
284 730 303 772 a
323 708 415 772 leone
437 717 546 788 captus
561 706 746 787 deprecatur
760 703 855 766 vitam
876 722 985 766 stram:
1005 702 1099 786 grati·

145 815 244 876 usque
264 792 412 856 maximus
426 812 459 853 se
474 791 504 852 ei
526 789 703 852 habiturum
722 787 897 868 pollicetur.
942 785 1021 862 Leo,
1042 786 1102 850 etsi

147 888 329 954 commotus,
343 875 463 958 ignovit
476 884 581 936 tamen
595 871 747 947 musculo,
761 881 795 934 et
811 869 900 932 illum
919 868 1102 934 inviolatum

146 963 273 1025 dimisit.

190 1047 286 1108 Pauld
301 1046 380 1126 post,
394 1043 547 1105 incautius
569 1041 707 1123 praedam
727 1037 893 1122 vestigans,
914 1037 947 1100 in
972 1036 1102 1118 laqueos

147 1130 267 1206 incidit,
282 1129 395 1210 quibus
418 1127 561 1188 astrictus
584 1125 720 1206 rugitum
742 1123 908 1186 maximum
922 1121 1040 1183 edidit:
1062 1121 1102 1184 ad

146 1234 238 1294 quem
254 1231 437 1298 procurrens
452 1209 619 1284 musculus,
630 1225 823 1286 cernensque
835 1205 867 1266 in
877 1204 1010 1267 vinculi
1018 1225 1102 1280 eum,

146 1297 198 1377 qui
213 1295 272 1358 sibi
294 1315 394 1375 nuper
415 1293 509 1355 vitam
533 1291 652 1374 petenti
673 1289 890 1364 concessisset,
915 1287 1041 1352 accedit
1061 1287 1102 1349 ed

146 1379 282 1460 laqueos,
305 1379 427 1458 illisque
452 1376 592 1452 corrosis,
617 1375 689 1436 cum
711 1374 835 1436 leonem
855 1370 939 1435 omni
960 1369 1102 1454 periculo
1125 1390 1131 1398 ·

146 1462 358 1540 liberavisset3

186 1545 272 1621 Tibi,
288 1545 398 1625 inquit,
413 1543 548 1605 ludibrio
568 1563 663 1617 eram,
677 1551 713 1604 ut
727 1539 780 1621 qui
804 1538 926 1602 nullum
947 1537 1043 1600 alicui
1057 1536 1102 1600 vi-

144 1629 252 1690 cissim
268 1627 456 1690 beneficium
470 1635 616 1706 praestare
630 1645 774 1704 possem3
794 1641 879 1686 nunc
893 1621 977 1683 scias
998 1619 1101 1697 velim,

146 1733 240 1795 posse
259 1720 292 1774 et
305 1729 424 1775 murem
438 1709 571 1789 gratiam
585 1707 709 1770 referre.

599 1873 652 1934 39.

413 1978 564 2033 MULIER
587 1977 637 2032 ET
655 1980 837 2034 GALLINA.

192 2073 310 2138 Mulier
325 2074 471 2156 quaedam
487 2072 625 2136 habebat
639 2074 801 2158 gallinam,
819 2095 890 2156 quae
913 2075 943 2138 ei
959 2075 1102 2158 quotidie

151 2180 245 2224 ovum
261 2158 401 2242 pariebat
416 2178 558 2220 aureum.
603 2157 688 2220 Hinc
709 2155 862 2240 suspicari
883 2159 992 2240 coepit,
1014 2159 1101 2224 illam

151 2243 218 2306 auri
234 2263 368 2306 massam
392 2242 477 2304 intus
501 2242 614 2317 celare,
631 2253 664 2304 et
686 2242 838 2324 gallinam
864 2243 991 2305 occidit.
1037 2243 1102 2306 Sed

151 2327 229 2392 nihil
244 2327 276 2389 in
292 2329 330 2388 ed
342 2327 467 2410 reperit,
482 2326 543 2388 nisi
566 2327 651 2405 quod
676 2329 707 2387 in
735 2327 803 2388 aliis
824 2327 949 2409 gallinis
974 2325 1102 2408 reperiri

151 2411 240 2474 solet.
286 2412 397 2491 Itaque
422 2411 499 2472 dum
514 2409 683 2496 majoribus
706 2409 822 2476 divitiis
838 2411 991 2490 inhiabat,
1007 2410 1103 2476 etiam

151 2497 288 2566 minores
303 2495 451 2578 perdidit.

542 2641 702 2730 'ros

392 2776 619 2832 HINNULEUS
639 2777 689 2830 ΕΤ
708 2779 867 2834 CERVUS.

194 2875 373 2940 Hinnuleus
389 2878 549 2958 quondam
565 2888 686 2958 patrem
702 2899 793 2939 suum
810 2879 859 2940 his
882 2879 983 2941 verbis
1006 2879 1104 2942 inter·

152 2969 278 3045 rogasse
293 2962 422 3023 dieitur:
452 2961 498 3022 Mi
514 2973 614 3042 pater,
631 2981 730 3041 quum
747 2962 850 3023 multb
873 2962 915 3022 sis
938 2961 1037 3043 major
1052 2981 1104 3023 ea·

152 3049 246 3110 nibus
262 3055 295 3108 et
319 3055 383 3107 tam
408 3045 506 3106 ardua
532 3043 652 3106 ¹cornua
676 3044 802 3119 habeas,
818 3045 932 3125 quibus
949 3065 968 3108 a
983 3055 1015 3108 te
1039 3045 1105 3107 ‘vim

152 3130 335 3212 propulsare
351 3129 462 3210 possis,
478 3127 532 3208 qul
547 3128 592 3204 fit,
608 3139 645 3190 ut
667 3148 765 3190 canes
777 3138 944 3211 tantopere
958 3131 1104 3195 metuas?

152 3215 202 3278 Ibi
213 3235 322 3276 cervus
338 3213 454 3288 ridens,
467 3212 514 3274 Mi
527 3222 610 3289 nate,
623 3212 735 3293 inquit,
747 3233 821 3276 vera
830 3235 986 3278 memoras
998 3237 1006 3288 ;
1028 3212 1105 3275 mihi

152 3307 269 3374 tamen,
284 3297 392 3359 nescio
408 3317 471 3376 quo
486 3307 590 3376 pacto,
607 3317 731 3378 semper
742 3299 869 3375 accidit,
877 3311 922 3361 ut
930 3295 1039 3360 auditrl
1053 3316 1106 3358 ea·

151 3403 228 3446 num
244 3401 331 3455 voce,
348 3381 382 3442 in
399 3380 507 3462 fugam
522 3380 630 3441 statim
646 3393 823 3444 convertar.

194 3467 275 3529 Hoec
291 3465 400 3527 sabula
415 3465 522 3538 docet,
538 3460 651 3528 naturai
673 3465 890 3528 formidolosos
914 3461 1009 3524 nullis
1032 3460 1105 3526 rali-

78 3553 85 3582 ’·
152 3551 265 3614 onibus
281 3549 377 3613 sortes
392 3548 483 3694 repdi
498 3567 602 3631 posse.
