2590 4194
620 355 689 424 103

206 529 402 599 ,Quaeramus
416 533 492 614 quid
506 534 621 616 optime
644 534 761 598 factum
783 535 831 614 sit,
846 557 910 600 non
934 535 1010 618 quid
1033 535 1129 603 usita-

172 613 343 695 tissimum3
364 627 396 678 et
410 617 484 698 quid
498 619 589 680 nobis
603 619 787 682 felicitatem
802 630 986 702 perpetuam
1008 622 1128 704 praebe-

172 718 205 760 re
222 700 327 780 possit,
341 721 404 763 non
419 702 494 782 quid
519 702 623 786 vulgo,
637 703 774 766 veritatis
798 703 934 787 pessimo
957 703 1128 787 interpreti,

156 783 338 864 'probatum
352 784 401 846 sit.

215 865 264 928 Ita
278 889 382 930 sumus
395 869 571 951 compositi,
585 869 620 933 ui
634 869 727 934 solite
748 881 781 935 et
802 871 992 952 quotidlene,
1006 871 1128 936 etiamsi

173 950 375 1016 admiratione
399 953 504 1036 digna,
524 963 701 1034 transeunt3
722 955 840 1031 contri,
863 955 1060 1019 minimarum
1080 975 1128 1020 re·

172 1055 250 1111 rum,
265 1035 290 1096 si
312 1035 436 1099 insolita
454 1037 577 1114 fuerint,
601 1039 817 1120 spectaculum
840 1037 934 1103 dulce
959 1039 1015 1120 fin
1035 1059 1128 1104 nemo

173 1116 288 1196 lunam,
302 1119 361 1183 nisi
376 1119 579 1198 laborantem,
594 1121 749 1185 observat.

395 1263 632 1318 CONTENTUS
664 1265 739 1318 SUA
770 1265 905 1320 SORTE.

214 1331 300 1396 Nihil
323 1341 371 1396 est
392 1333 432 1395 ab
455 1333 538 1396 omni
560 1345 647 1415 perte
662 1335 809 1400 beatum:
829 1334 929 1412 multi,
952 1333 1033 1399 novit
1046 1341 1128 1400 sorte

172 1417 312 1498 quaesita,
325 1427 463 1480 veterem
477 1439 579 1480 rursus
593 1428 787 1500 optaverunt.

213 1501 284 1563 Tus
311 1511 392 1564 sorte
423 1501 464 1563 sis
493 1511 679 1564 contentus:
713 1501 854 1564 nonnulli
886 1501 982 1579 sarrire,
1014 1503 1078 1584 qui,
1101 1502 1128 1567 si

171 1584 355 1648 mansissent
368 1584 509 1660 humiles,
523 1585 581 1646 tuti
596 1605 664 1648 esse
678 1595 866 1667 potuenmt:
881 1585 955 1648 sacti
970 1585 1128 1664 sublimes,

172 1668 358 1732 ceciderunt
371 1667 404 1729 in
418 1667 568 1750 pericula.

215 1752 368 1821 Quotidie
391 1771 448 1814 nos
478 1751 545 1832 ipsa
565 1761 676 1814 natura
707 1751 864 1829 admonet,
888 1751 982 1834 quem
1009 1751 1128 1835 paucis,

170 1836 265 1917 quim
279 1835 380 1917 parvis
394 1835 487 1898 rebus
501 1846 604 1917 egeat,
619 1835 710 1915 quan
725 1835 847 1898 vilibus.

213 1919 248 1982 Si
270 1919 322 1981 cui
344 1940 400 1982 sua
420 1939 483 1982 non
512 1917 585 1981 setis
614 1919 719 2001 ampla
748 1919 899 1997 videntur,
930 1919 1005 1983 licet
1033 1919 1128 1984 totius

169 2002 276 2066 mundi
301 2003 445 2065 dominus
466 2001 515 2079 sit,
539 2001 721 2066 miserest:
752 2003 778 2065 si
808 2004 849 2066 ad
878 2015 1021 2068 naturam
1042 2004 1127 2082 vivis,

169 2107 328 2170 nunquam
342 2087 401 2150 eris
416 2105 543 2170 pauper,
558 2086 584 2148 si
600 2085 640 2148 ad
655 2086 845 2170 opinionem,
859 2109 1019 2171 nunquam
1029 2085 1126 2152 dives.

213 2295 342 2360 Summa
355 2297 487 2360 scientia
500 2306 549 2358 est
562 2227 842 2378 lllilllillltesque
856 2298 1060 2384 distinguere.

212 2380 390 2445 Videndum
400 2391 448 2443 est
462 2378 628 2462 diligenter
640 2381 682 2442 ad
702 2400 773 2460 quae
788 2381 863 2444 vitia
884 2382 979 2444 simus
993 2400 1127 2464 propen-

169 2463 216 2528 si:
238 2465 290 2526 alii
305 2465 388 2526 enim
402 2465 441 2526 ad
456 2463 518 2525 alia
532 2462 730 2544 procliviores
745 2465 882 2526 sumus*

213 2548 296 2616 Quis
310 2568 372 2610 non
395 2556 508 2629 peccat
528 2545 561 2608 in
584 2547 654 2624 vitis,
668 2559 701 2611 et
722 2547 847 2610 delictis
868 2546 962 2610 nullis
983 2547 1127 2612 tenetur?

170 2632 304 2713 optimus
336 2631 389 2694 ille
411 2640 467 2706 est,
492 2629 629 2710 quinon
657 2632 756 2695 solirm
784 2631 929 2709 minimis,
954 2631 1127 2698 sedetiam

170 2714 363 2798 paucissimis
377 2724 514 2796 urgetur.
1046 2729 1049 2736 ·

212 2799 296 2861 Vitia
308 2808 422 2874 nostre,
438 2797 511 2877 quia
525 2819 673 2876 amamus,
688 2799 895 2877 defendimus,
908 2810 942 2863 et
965 2820 1005 2864 ea
1028 2799 1126 2864 melu·
1222 2807 1230 2816 '

170 2902 237 2944 mus
252 2901 400 2945 excusare
415 2881 507 2961 quam
521 2893 678 2946 excutere.

211 2965 422 3028 Perniciosum
444 2975 494 3027 est
515 2965 596 3028 vitiis
625 2965 759 3029 servire:
781 2965 855 3047 quia
878 2973 955 3044 quot
976 2964 1051 3027 vitia
1071 2965 1126 3028 ha-

168 3049 224 3112 bet
238 3049 351 3126 anima,
366 3059 413 3111 tot
427 3057 459 3110 et
472 3048 625 3111 dominos

210 3132 313 3216 Magis
327 3141 443 3195 nocent
456 3131 531 3195 vitia
544 3151 614 3214 quae
630 3131 705 3196 boni
720 3141 905 3214 praetextum
918 3129 1048 3196 habent.

202 3272 281 3336 'Cito
308 3271 449 3352 nequitia
470 3271 602 3354 obrepit,
630 3271 725 3335 virtus
753 3271 889 3337 difficilis
910 3271 1038 3335 inventu
1059 3281 1126 3350 est,

168 3367 331 3432 rectorem,
346 3349 521 3434 ducemque
546 3356 711 3418 desiderat.
755 3357 812 3420 Vir
833 3354 934 3419 malus
956 3354 1026 3436 plus
1049 3353 1125 3417 mali

168 3441 285 3523 patitur
298 3439 432 3503 afflictus
447 3438 649 3516 conscientie,
663 3441 760 3522 quam·
780 3438 832 3502 ille
857 3436 910 3518 qui
935 3436 969 3498 in
994 3455 1134 3523 corpore·

168 3525 342 3606 castigatur
355 3532 389 3585 ct
402 3521 507 3604 flagris
521 3523 663 3586 caeditur.

230 3661 244 3688 “
254 3657 307 3707 Alii
318 3656 391 3719 enim,
402 3656 592 3718 dfe-different
602 3673 661 3707 men
671 3673 714 3707 ere
725 3671 802 3721 prone
813 3662 842 3705 to
854 3654 969 3707 different
976 3657 1053 3708 vices.
