2590 4194
475 371 594 416 neusin
617 373 809 430 contortum.
1066 361 1126 420 117

194 515 335 581 Jounnee.
359 519 424 582 Cur
438 518 530 602 lepus,
545 533 578 582 ut
591 519 682 598 aiunt,
702 540 759 603 pro
773 516 941 584 omittet

194 599 247 745 Jp.
272 601 356 674 Quid
367 604 423 666 hoc
438 603 580 686 proverbii
591 605 656 666 est?
790 616 792 620 '

217 706 243 745 ο.
268 684 350 757 Quia
364 683 418 746 nisi
432 684 556 748 adsuere
571 687 600 748 in
622 699 766 768 tempore,
782 699 850 749 ante
872 686 1026 749 recitatum
1047 698 1126 750 cate·

151 765 264 849 logum,
280 783 375 831 actum
390 783 436 830 est
450 769 488 830 de
502 771 579 852 pelle
595 769 670 832 med.

197 849 248 934 Sy.
273 849 340 914 Hac
364 852 483 936 quidem
508 869 559 914 ex'
573 868 654 936 parte
683 852 753 914 nihil
781 866 827 915 est
854 853 984 936 periculi.
1030 851 1126 914 Modo

152 936 294 1016 preterita
308 950 352 997 est
368 937 476 1019 quinta.
521 937 635 1020 Inspice
651 937 851 1018 horologium3
872 958 976 998 manus
994 936 1125 998 nondum

152 1018 204 1078 etti
225 1019 246 1080 it
260 1033 402 1101 punctum
418 1019 496 1105 quod
511 1021 613 1081 horam
628 1023 664 1082 ab
679 1020 752 1081 horit
766 1020 854 1102 aequis
867 1020 965 1102 spatiis
987 1019 1102 1083 dirimit.

194 1040 243 1163 do.
267 1103 311 1164 At
325 1123 382 1185 ego
397 1103 445 1164 vix
459 1104 556 1166 habeo
569 1104 659 1166 fidem
673 1103 842 1186 horologiis3
860 1104 1039 1165 mentiuntur
1052 1124 1126 1165 non·

150 1205 313 1350 nundeaRt
327 1269 398 1330 mihi
413 1269 481 1344 fide,
497 1271 544 1352 qui
559 1292 707 1354 campenae
723 1289 828 1333 vocem
842 1268 949 1331 audivi.

191 1350 241 1414 Jo.
266 1351 349 1424 Quid
372 1353 566 1434 loquebatur?

193 1433 245 1519 Sy.
268 1434 383 1497 Horam
398 1455 464 1496 esse
498 1437 619 1500 uintem.

191 1519 241 1583 Jo.
266 1519 328 1581 Sed
351 1533 396 1582 est
418 1533 449 1581 et
496 1520 546 1583 iud
567 1521 646 1583 unde
668 1519 760 1604 magis
785 1521 874 1584 etiam
895 1523 1034 1598 timeam3
1056 1520 1137 1599 red·,

150 1602 250 1664 denda
263 1615 308 1697 est
322 1603 491 1665 memoriter
505 1604 643 1666 hesteme
656 1603 743 1690 lectio
757 1602 826 1666 satis
840 1605 963 1688 prolixa
1009 1603 1124 1668 Vereor

150 1698 185 1748 ut
253 1707 317 1747 sim.

195 1707 252 1852 dd
273 1767 443 1832 Commune
458 1769 622 1853 periculum
636 1789 743 1832 narras.
788 1768 869 1832 Nam
883 1783 914 1834 et
927 1769 989 1854 ipse
1005 1769 1056 1832 vix
1077 1791 1123 1834 sa·

147 1851 188 1920 tis
202 1866 298 1915 teneo.

192 1935 242 2000 Jo.
266 1934 408 1998 Ernesti
432 1935 616 2018 preceptoris
640 1935 788 1998 sevitiam.
841 1934 947 1998 Omnis
975 1935 1015 1999 illi
1043 1957 1122 2000 noxe

149 2019 279 2103 capitalis
303 2032 364 2096 est3
400 2039 458 2080 neo
491 2017 584 2102 magis
607 2019 701 2103 parcit
721 2019 826 2082 uostris
848 2019 963 2082 natibus
985 2019 1121 2104 quamsi

148 2103 260 2170 corium
276 2115 354 2164 esset
367 2101 519 2164 bubulum.
798 2167 806 2180 ,

192 2185 244 2270 Sy.
269 2184 384 2247 Verirm
399 2185 423 2246 is
437 2206 496 2247 uon
511 2184 603 2247 aderit
616 2185 646 2248 in
660 2184 739 2248 lude.

190 2268 240 2332 Jo.
264 2267 367 2341 Quem
382 2267 467 2350 igitur
481 2269 622 2330 vicarium
637 2269 805 2331 constituit?

191 2351 243 2436 Sy.
268 2351 449 2414 Cornelium.

189 2435 238 2499 Jo.
262 2435 400 2497 Suabum
414 2434 516 2496 illumi
560 2432 613 2497 Ve
627 2434 732 2496 nostris
745 2433 877 2496 natibus!
900 2431 991 2497 level
1006 2433 1120 2499 Orbilio

147 2520 197 2604 ple
216 2519 292 2581 osior
306 2529 359 2580 est.
1083 2572 1110 2580 .,

191 2541 235 2688 dy
259 2601 383 2664 ,Verum
406 2600 488 2678 dicis,
504 2614 534 2662 et
556 2600 624 2663 ideo
645 2621 705 2663 non
729 2599 794 2664 rard
814 2621 881 2664 sum
903 2599 979 2664 illius
999 2599 1118 2666 brachio

146 2701 281 2771 precatus
295 2683 461 2769 paralysim.

188 2769 237 2834 Jo.
262 2769 331 2832 Non
353 2781 398 2830 est
420 2767 500 2850 pium
523 2767 677 2849 imprecari
700 2768 888 2864 preceptori:
911 2768 995 2834 nobis
1019 2769 1118 2854 potiire

145 2853 310 2917 cavendum
325 2874 363 2914 ne
378 2851 540 2920 incidamus
554 2851 584 2912 in
599 2850 674 2911 illius
688 2864 803 2932 tyranni
817 2874 929 2914 manus.

189 2937 240 3022 Sy.
264 2937 438 2997 Reddamus
453 2935 595 2997 internos
610 2934 747 3009 vicissim,
758 2933 850 2994 altero
864 2935 1013 3008 recitante,
1025 2934 1116 2998 elte'ro

144 3022 278 3084 codicem
293 3018 472 3098 inspiciente.

172 3103 236 3175 ,Jo.
260 3099 390 3162 Pulchre
405 3121 516 3162 mones

188 3185 239 3269 Sy.
264 3185 328 3247 Fac
356 3183 490 3266 presenti
512 3182 551 3244 sis
575 3178 672 3244 animo
684 3203 692 3258 ;
724 3202 793 3243 nam
817 3194 913 3244 metus
938 3181 1028 3245 officit
1051 3201 1116 3246 me·

144 3292 252 3335 mone.

186 3354 235 3418 Jo.
259 3349 361 3414 Facile
373 3349 550 3430 deponerem
561 3369 702 3429 pavorem
713 3349 737 3407 si
747 3368 806 3408 non
817 3347 933 3410 adesset
941 3346 1112 3430 periculum.

54 3471 57 3480 v
144 3441 186 3501 At
199 3439 229 3500 in
244 3449 324 3498 tento
338 3431 502 3495 discrinrine
518 3431 580 3512 quis
594 3431 685 3511 possit
699 3449 763 3490 esse
779 3450 898 3491 securus
909 3431 1028 3492 auimo?

187 3520 239 3604 Sy.
263 3517 374 3580 Fateor
382 3539 391 3594 3
414 3526 542 3577 attamen
555 3533 614 3574 nou
628 3513 722 3597 egitur
735 3512 773 3573 de
788 3511 897 3596 capite,
911 3512 964 3574 sed
979 3512 1017 3575 de
1031 3526 1114 3598 parte

126 3605 128 3608 ’
144 3603 266 3669 diverse
1031 3615 1033 3618 ·
