2590 4194
588 370 637 443 97

182 549 303 632 Magna
323 559 372 613 est
392 550 545 634 sapientia
575 550 791 634 tempestivum
822 550 988 631 silentium,
1009 555 1094 620 ouini

140 635 224 697 certe
240 654 381 698 sermone
395 634 601 717 praestantius.

183 716 394 786 Tacitumitas
409 718 503 781 stulto
517 718 634 781 homini
657 739 715 800 pro
738 718 890 802 sapientiis
903 729 970 782 ests
990 730 1096 786 tacere

70 865 76 870 ,
141 800 194 881 qui
209 800 318 876 nescit,
333 802 434 864 nescit
449 801 544 882 loqui.

183 884 260 946 Tria
273 896 344 946 suut
358 885 515 967 praecipue
530 886 563 949 in
578 885 661 948 omni
675 886 737 949 vitri
751 886 895 950 habenda
907 908 920 947 t¹
937 886 970 948 in
992 887 1097 951 auimo

141 967 315 1048 prudentia,
329 969 361 1031 in
375 968 462 1031 vultu
475 970 672 1046 verecundia,
687 970 718 1032 in
734 971 841 1052 linguis
851 968 1018 1033 silentium.

99 1125 103 1132 .
140 1133 171 1196 d·
184 1051 222 1113 In
240 1051 425 1136 Pythagorae
447 1053 555 1117 schola
578 1054 777 1136 quinquenne
793 1053 948 1117 silentium
961 1065 1029 1118 arat
1049 1054 1082 1118 in

163 1145 270 1198 ictum.

393 1241 521 1297 LUDUS
540 1241 590 1294 ΕΤ
609 1240 840 1296 RECREA'I'IO.

182 1346 336 1409 Omnibus
357 1349 482 1429 prodest
503 1348 634 1410 subinde
664 1348 801 1410 animum
829 1347 966 1410 relaxare
978 1371 988 1427 3
1017 1347 1096 1412 vires

140 1429 282 1492 humanae
299 1431 436 1494 laborem
451 1432 633 1494 continuum
655 1431 720 1514 pati
734 1453 797 1494 non
811 1441 960 1514 possunt:
981 1432 1096 1496 dirum·

140 1515 222 1596 pitur
236 1535 326 1578 arcus
341 1515 393 1596 qui
408 1536 565 1596 nunquam
579 1515 709 1578 laxatur.

184 1598 290 1661 Animi
312 1609 345 1662 et
365 1599 502 1682 corporis
516 1598 711 1661 remissiones
725 1599 766 1661 ad
779 1619 880 1662 novos
894 1597 1018 1662 labores
1038 1620 1096 1663 nos

141 1692 262 1763 parant.
487 1697 491 1706 ”

184 1765 259 1827 Non
280 1765 465 1828 remittenda
478 1765 603 1847 quidem
626 1775 698 1828 sunt
719 1764 831 1842 studia,
849 1765 904 1828 sed
919 1764 1096 1844 relaxanda,

140 1849 279 1912 nascitur
300 1849 383 1912 enirn
405 1871 443 1912 ex
465 1849 642 1913 assiduitate
665 1849 807 1912 laborum
828 1849 973 1932 quaedam
1001 1849 1098 1914 hebe-

141 1932 219 1995 tatio
233 1943 266 1994 et
280 1944 384 2014 torpor
398 1932 503 1996 animi.
1012 1955 1014 1962 ·
1054 1961 1057 1972 ·

184 2016 284 2078 Detur
297 2017 400 2098 pueris
422 2017 592 2099 respiratio,
617 2016 717 2095 ludus,
742 2027 775 2080 et
785 2016 986 2100 jucunditas:
1006 2039 1097 2082 cave·

142 2109 197 2162 ant
210 2110 313 2164 autem
328 2101 368 2164 ab
383 2101 628 2184 intemperantis,
643 2101 839 2164 meminerint
854 2102 1064 2166 verecundiae.

482 2234 750 2288 PHILOSOPHIA.

185 2316 384 2399 Philosophia
398 2317 558 2398 sapientiae
573 2337 658 2379 arnor
671 2327 729 2378 est.
773 2315 978 2396 Philosophia
999 2315 1098 2378 omni-

143 2421 195 2462 um
210 2402 319 2463 artium
334 2412 433 2462 mater
447 2410 514 2462 est:
536 2399 605 2462 haeo
620 2399 751 2480 primum
772 2400 812 2460 ad
826 2399 944 2460 cultum
958 2398 1097 2474 deorum,

143 2485 256 2546 deinde
279 2485 319 2546 ad
338 2484 388 2566 jus
410 2483 577 2558 hominum,
592 2492 659 2544 tum
674 2483 713 2543 ad
733 2481 927 2558 modestiam,
941 2481 1097 2564 magnitu-

143 2568 310 2648 dinemque
325 2567 418 2628 animi
433 2566 574 2629 erudivit.

188 2651 253 2718 Qui
269 2651 309 2712 ad
324 2650 576 2732 philosophorum
591 2647 714 2712 scholas
727 2650 821 2726 venit,
835 2649 975 2730 quotidie
990 2669 1098 2712 secum

144 2734 260 2814 aliquid
284 2734 357 2796 boni
379 2733 490 2796 exinde
512 2733 590 2796 serat
602 2755 611 2812 3
634 2744 688 2796 aut
708 2733 811 2796 sanior
831 2734 958 2796 domum
979 2733 1097 2810 redeat,

145 2829 198 2882 aut
212 2818 387 2880 sanabilior.

188 2902 304 2964 Facere
318 2900 632 2983 docet-philosophia,
647 2909 709 2963 non
720 2900 818 2963 solhm
828 2901 969 2964 discere:
991 2921 1030 2962 ea
1044 2920 1098 2962 au-

144 2995 208 3048 tem
222 2995 270 3058 est
283 2995 316 3048 et
339 2985 590 3066 contemplativa,
605 2996 638 3048 et
662 2983 781 3046 activa:
803 2993 925 3066 spectat
945 2981 1098 3063 simulque

145 3068 221 3152 agit.

188 3235 387 3316 Philosophia
414 3235 550 3298 animum
572 3237 672 3298 firmat
692 3245 725 3298 et
749 3234 901 3298 lubricat:
922 3235 1017 3297 vitam
1038 3233 1100 3296 dis-

146 3320 245 3403 ponit,
260 3319 399 3381 actiones
413 3319 494 3401 regit
505 3342 514 3398 ;
529 3320 652 3402 agenda
665 3329 699 3382 et
712 3319 885 3382 omittenda
897 3319 1099 3381 demonstrat.

139 3458 141 3463 .
189 3402 371 3465 Aristoteles
399 3413 536 3485 rogatus,
561 3403 649 3471 Quid
680 3399 798 3472 fruetis
821 3398 1017 3483 philosophia
1044 3419 1101 3460 sua

146 3487 192 3550 illi
214 3485 377 3562 attulisset,
395 3485 436 3550 Ut
449 3486 520 3562 med,
536 3486 644 3567 inquit,
658 3497 758 3572 sponte
780 3507 814 3548 ea
825 3483 948 3567 faciam,
963 3504 1027 3566 que
1034 3481 1101 3566 ple·

147 3571 228 3656 mque
242 3569 337 3665 legum
349 3580 423 3632 metu
437 3570 658 3655 coactifaeiurtt.

189 3653 364 3738 Aristippus
378 3655 573 3738 percontanti
588 3655 747 3740 Dionysio,
761 3651 850 3723 Quid
863 3649 1010 3716 eximimur
1023 3649 1075 3716 hal
