2590 4194
611 339 748 440 aa,

158 515 238 596 ipsas
252 519 398 581 tenebras
419 520 517 582 timet.
563 519 723 601 Proprium
743 528 792 582 est
814 519 995 584 nocentium
1017 520 1111 602 trepi-

156 600 240 662 dare.
285 601 373 664 Bona
394 603 587 665 conscientia
601 604 723 664 turbam
737 603 891 682 advocat;
912 604 1111 668 molestiam

157 681 189 744 in
204 684 369 748 solitudine
384 687 475 748 anxia
488 697 521 748 et
535 686 658 747 solicita
672 696 728 747 est.

200 767 235 828 Si
260 768 390 831 honesta
414 781 485 831 sunt
500 791 569 850 quaa
586 769 672 844 facis,
687 791 794 831 omnes
816 770 937 847 seiant3
959 771 985 831 si
1000 770 1111 852 turpia,

158 850 232 928 quid
247 852 340 914 refert
353 855 508 915 neminem
522 853 612 928 scire,
627 852 652 913 si
667 863 702 914 tu
726 853 831 916 scias?
852 853 902 916 O!
918 863 949 916 te
966 853 1112 916 miserum

158 933 183 994 si
198 936 371 997 contemnis
386 937 468 998 hunc
484 947 605 998 testem.

202 1017 236 1079 Si
251 1039 372 1100 semper
393 1019 567 1082 memineris
591 1019 694 1081 Deum
718 1019 925 1100 inspectorem
939 1020 1058 1096 adesse,
1079 1019 1112 1082 in

160 1101 282 1162 cunetis
297 1103 397 1164 verbis
411 1113 443 1164 et
468 1102 643 1164 actionibus
666 1102 736 1178 tuis,
751 1102 905 1164 vereberis
929 1102 1112 1184 inspectoris

158 1184 356 1264 praesentiam
370 1206 462 1266 quem
476 1185 551 1248 nihil
567 1186 654 1247 latet.

199 1375 317 1458 Optimi
333 1376 483 1460 cujusque
498 1376 617 1438 animus
642 1375 773 1440 maxime
789 1377 829 1440 ad
850 1377 1113 1444 immortalitatem

158 1459 257 1543 gloriis
269 1460 386 1523 nititur.

200 1543 310 1606 Gloria
329 1555 378 1606 est
404 1545 602 1608 consentiens
630 1544 699 1606 laus
727 1543 900 1624 bonorum3
935 1545 1114 1629 incorrupta

116 1655 126 1668 ·
157 1647 218 1690 vox
231 1627 315 1690 bene
327 1627 534 1710 judicantium
547 1629 587 1690 de
602 1627 770 1690 excellenti
784 1627 907 1690 virtute.

201 1711 250 1773 Ex
263 1710 406 1773 omnibus
420 1711 554 1791 praemiis
568 1711 687 1772 virtutis
708 1709 930 1791 amplissimum
942 1720 992 1773 est
1004 1709 1113 1792 gloria,

157 1815 230 1875 quae
245 1793 317 1855 vitae
342 1793 524 1856 brevitatem
546 1793 733 1876 posteritatis
756 1792 905 1859 memorial
925 1793 1114 1872 consolatur,

160 1897 232 1959 quae
247 1875 345 1939 efficit
359 1886 394 1938 ut
407 1876 545 1939 morituri
560 1877 705 1938 vivamus.

201 1959 321 2042 Magna
344 1969 392 2022 est
409 1960 476 2042 ejus
496 1960 597 2042 gloria
618 1981 687 2040 quae
710 1959 804 2023 nullis
825 1959 969 2024 laudibus
990 1961 1113 2040 crescit,

158 2054 191 2107 et
204 2043 297 2106 nullis
310 2043 587 2124 vituperationibus
600 2043 756 2106 minuitur.
885 2045 887 2050 ’

202 2127 330 2191 Summa
344 2126 411 2189 laus
425 2136 473 2190 est
486 2148 549 2190 non
563 2128 680 2190 ambire
701 2128 835 2206 laudem,
850 2148 920 2210 quae
944 2126 1044 2214 magis
1065 2149 1114 2193 se·

160 2211 263 2294 quitur
277 2210 458 2294 fugientem.

202 2335 250 2398 Ea
273 2335 364 2412 sarna,
386 2353 479 2416 quam
503 2335 668 2415 sequimur,
692 2355 805 2396 vanum
829 2345 862 2396 et
885 2332 1010 2396 volatile
1025 2333 1114 2414 quid·

160 2419 234 2482 dam
248 2429 304 2495 est,
319 2419 453 2500 aurbque
467 2419 623 2480 mobilius.

201 2503 349 2566 Cavenda
362 2515 410 2564 est
423 2502 513 2563 nimis
528 2502 618 2564 avida
631 2499 739 2583 gloriae
755 2498 919 2580 cupiditas.

203 2587 311 2649 Gloria
332 2585 525 2667 praecipuum
557 2593 771 2646 ornamentum
795 2582 914 2645 virtutis
943 2593 1011 2664 est,
1042 2605 1113 2666 quae

160 2693 223 2734 non
237 2669 326 2732 aliter
339 2669 458 2751 gaudet
479 2666 617 2750 agnosci,
633 2667 724 2748 quam
738 2677 773 2729 ut
785 2666 831 2729 sol
846 2676 930 2728 amat
944 2665 1065 2744 lucere,
1079 2678 1115 2732 ut

161 2766 194 2818 et
208 2755 304 2836 prosit
317 2751 559 2834 quamplurimis
574 2761 607 2814 et
621 2749 863 2833 quamplurimos
886 2751 926 2813 ad
948 2751 995 2813 sui
1017 2772 1114 2814 aeruu-

161 2839 309 2900 lationem
324 2836 473 2917 pelliciat.

202 2921 378 2985 Alexander
402 2939 533 3000 mugnus
558 2920 629 2980 crim
650 2919 891 3000 interrogaretur
905 2937 945 2978 an
959 2918 1114 2998 Olympiis

159 3016 279 3068 certare
294 3002 449 3064 curriculo
462 3002 581 3064 vellet?
605 3000 725 3064 Sancti
746 2999 895 3062 habituras
918 3021 989 3076 mm,
1009 2999 1114 3084 inquit,

159 3085 339 3151 adversarios
354 3089 445 3169 r'egas.

566 3187 713 3242 HONOR.

203 3279 313 3343 Honor
326 3273 415 3339 verus
429 3286 476 3339 est
489 3277 584 3340 virtus
606 3277 699 3340 animi
711 3299 721 3356 ;
741 3276 793 3340 hic
815 3277 914 3342 honor
934 3299 998 3341 non
1012 3297 1032 3338 a
1045 3275 1115 3339 θω-

161 3363 280 3426 saribus
295 3365 467 3444 praestatur,
482 3381 584 3440 neque
600 3359 734 3442 pecunia
748 3372 955 3442 comparatur.

203 3446 308 3509 Virtus
330 3442 414 3525 puris
437 3443 545 3504 fruitur
566 3443 754 3506 honoribus:
789 3444 928 3524 proprios
949 3442 982 3502 in
1003 3447 1116 3503 semet-

160 3529 228 3612 ipsb
242 3529 379 3611 lirlgores
392 3526 497 3602 habet,
512 3547 589 3608 quos
603 3528 633 3590 ei
658 3527 707 3590 vel
732 3526 850 3588 auferre
876 3524 925 3587 vel
947 3524 1114 3588 obscurare

160 3612 237 3678 nihil
252 3622 364 3696 potest.
424 3697 475 3754 8*
