2590 4194
477 367 596 412 mum
619 365 811 421 connoauu.

344 585 519 642 HONORIS
537 586 696 654 GRNHA,
714 587 795 642 AUT
814 585 942 641 SECUS.

202 682 302 758 Salve,
317 682 398 744 here.
442 681 522 758 Ohe,
538 682 618 744 salve
640 695 672 742 tu
695 703 822 764 quoque,
838 682 914 742 bone
930 680 982 742 vir.
1028 681 1127 758 Salve,

159 767 202 829 vir
216 765 405 840 ornatissime,
416 765 582 826 clarissime.
627 765 715 828 Salve
726 766 814 826 etiam
825 777 911 847 atque
924 763 1021 839 etiam,
1032 764 1127 825 litera·

159 871 224 910 rum
247 849 345 910 decue.
392 847 479 910 Salve
503 848 657 931 plurimbm
680 848 840 909 amicorum
861 846 980 928 optime.
1026 846 1127 921 Salve,

159 932 200 992 mi
214 931 370 994 Maecenas.
416 931 504 992 Salve
520 944 642 1012 patrone
661 930 818 1010 singularis.
865 930 963 1006 Salve,
978 929 1022 991 vir
1042 950 1128 1011 speo-

158 1015 308 1076 tatissime.
369 1014 468 1088 Salve,
505 1014 623 1074 unicum
661 1013 747 1096 hujus
785 1013 874 1073 aetatis
913 1026 1125 1074 ornamentum.

159 1097 257 1172 Salve,
281 1096 445 1158 Gennaniae
468 1096 613 1158 delicium.
660 1097 790 1170 Salvere,
814 1109 954 1179 quotquot
975 1095 1053 1172 estis,
1068 1094 1129 1156 unia

158 1180 250 1240 salute
265 1201 379 1240 omnes,
424 1179 539 1240 Salvere
554 1179 661 1261 pariter
675 1199 785 1240 omneS.

515 1329 606 1382 ALIA
625 1329 771 1382 FORMA.

200 1423 304 1484 Salvus
333 1422 371 1484 sis
400 1421 493 1484 Crito.
538 1423 625 1484 Bene
647 1423 697 1484 tibi
720 1423 766 1498 sit,
782 1422 826 1483 vir
846 1422 965 1504 optime.
1010 1420 1051 1482 Et
1075 1421 1127 1483 tibi

157 1507 269 1568 melida.
314 1505 382 1566 Pax
397 1507 459 1582 tibi,
475 1505 572 1582 frater,
588 1506 754 1567 Christiana
768 1506 902 1566 salutatio
916 1518 963 1566 est
979 1526 998 1564 a
1017 1504 1127 1566 Judaeis

159 1589 300 1672 prosecta,
313 1610 411 1670 neque
430 1602 529 1650 tamen
545 1589 732 1670 repudianda.
778 1589 885 1648 Similis
900 1601 955 1662 est,
969 1588 1046 1648 bona
1060 1588 1126 1648 vita.

160 1672 241 1752 Ave,
267 1686 437 1753 praeceptor.
491 1671 641 1752 Equidem
666 1671 765 1730 malim
791 1670 896 1731 babere
919 1669 1007 1752 qulam
1033 1689 1127 1730 onere.

160 1754 314 1816 Memento
339 1767 369 1814 te
395 1753 519 1815 Basileae
546 1775 621 1828 esse,
643 1775 702 1822 non
723 1753 859 1814 Athenis·
904 1752 969 1814 Cur
991 1764 1022 1812 tu
1045 1751 1130 1835 igitur

161 1837 252 1899 audes
267 1836 403 1898 Romane
418 1837 507 1919 loqui,
523 1836 592 1898 calm
607 1836 711 1897 Romae
727 1857 785 1897 non
800 1836 860 1898 sis?

453 1986 556 2039 VALE
574 1985 617 2038 IN
636 1985 845 2042 multasset.

203 2079 311 2143 Valete
326 2100 438 2142 omnes.
482 2078 571 2142 Bene
586 2080 660 2141 vale.
706 2078 788 2142 Cura
802 2093 836 2142 ut
857 2081 946 2163 quiam
967 2079 1129 2144 rectissime
1236 2095 1243 2104 ·

160 2165 268 2228 valeas.
328 2161 535 2224 Valetudinem
564 2177 644 2225 tuam
673 2184 742 2226 cura
767 2164 926 2246 diligenter.
978 2163 1074 2226 Jubeo
1098 2178 1130 2226 te

159 2245 238 2310 bene
265 2245 373 2309 valere.
417 2245 486 2306 Jam
515 2267 563 2307 me
592 2261 710 2328 tempus
732 2245 795 2307 'alio
825 2259 920 2321 vocat,
949 2260 981 2307 tu
1010 2247 1128 2307 valebis.

162 2330 270 2392 Valeto
299 2328 386 2412 quam
416 2328 535 2411 optime.
595 2328 672 2390 Vale
702 2327 878 2410 panormiae,
908 2341 959 2388 aut
986 2327 1010 2388 si
1038 2329 1130 2388 mavis

161 2411 309 2476 athleticb.
356 2412 433 2473 Vale
455 2426 486 2473 ut
508 2412 609 2492 dignus
630 2433 672 2472 es·
718 2410 793 2470 Vale
815 2425 848 2470 ut
869 2411 989 2471 meritus
1010 2431 1051 2470 es.
1095 2409 1131 2470 In

161 2497 220 2558 boo
233 2495 354 2557 biduum
371 2494 486 2556 valebis.
533 2495 565 2556 Si
580 2515 627 2554 me
644 2493 770 2568 dimittis,
786 2493 895 2554 valebis
910 2493 938 2552 in
963 2493 1129 2554 crastinum.
1234 2513 1237 2518 ·

162 2579 316 2661 Numquid
340 2578 403 2639 vis?
440 2577 495 2638 Est
517 2578 596 2638 aliud
619 2577 697 2659 quod
720 2597 768 2637 me
792 2577 883 2637 velis?
918 2575 1011 2651 Nihil,
1026 2572 1081 2636 nisi
1098 2589 1131 2636 ut

162 2660 304 2744 prospere
330 2661 436 2722 valeaa
482 2661 532 2722 Da
554 2682 675 2742 operam
693 2674 726 2721 ut
745 2660 782 2720 sis
802 2658 1129 2742 prosperbvaletudine.

162 2745 230 2827 Age
255 2766 355 2806 curam
382 2744 552 2805 valetudinis
581 2757 647 2805 luae.
694 2743 780 2805 Habe
809 2765 909 2804 curam
938 2743 1035 2804 salutis
1063 2756 1128 2804 tuae.

163 2827 226 2889 Fac
240 2841 272 2889 ut
286 2828 418 2910 proximo
432 2849 587 2908 congressu
602 2840 632 2888 te
648 2827 745 2888 laetum
767 2847 801 2887 ac
823 2827 945 2902 nitidum
968 2827 1129 2887 videamuS.

162 2909 260 2972 Jubeo
274 2925 302 2972 te
317 2932 419 2972 curare
433 2910 598 2972 cuticulam.
644 2909 726 2971 Cura
740 2922 772 2968 ut
788 2909 822 2969 sit
836 2929 920 2968 mens
933 2930 1003 2968 sana
1016 2909 1045 2968 in
1066 2930 1132 2968 cor·

162 3015 234 3078 pore
249 3015 329 3054 san0.
374 2993 424 3054 Da
438 3014 558 3074 operam
573 3007 606 3054 ut
623 3005 702 3053 totus
717 2992 823 3064 valeam,
838 3004 900 3050 tum
922 3011 1054 3070 corpore,
1069 3002 1131 3049 tum

164 3077 269 3137 animo.
327 3075 454 3136 Dabitur
480 3075 596 3157 quidem
623 3095 724 3157 opera.
782 3072 903 3134 Valebis
936 3086 966 3133 tu
1002 3092 1131 3158 quoque.

163 3158 233 3220 Tibi
247 3158 372 3220 vicissim
386 3179 491 3240 precor
505 3179 674 3240 prosperam
689 3157 897 3218 valetudinem.

414 3310 639 3364 SALUTANDI
657 3312 731 3365 PER
751 3311 884 3365 ALIUM.

206 3405 387 3468 Frobenium
420 3405 537 3489 jubebis
573 3427 641 3467 meo
677 3407 795 3468 nomine
825 3407 936 3467 salvere
967 3401 1132 3484 plurimbm.

164 3489 360 3566 Erasmiolum
385 3488 456 3550 item
481 3487 550 3548 med
570 3490 660 3550 eausa
684 3489 820 3550 salutabis
846 3487 1006 3568 diligenter.
1051 3483 1133 3545 Tum

164 3573 248 3642 matri
263 3571 403 3634 Gemudi
426 3575 514 3655 quam
538 3585 621 3654 potes
646 3569 855 3636 officiosissime
877 3591 917 3633 ex
938 3590 987 3632 me
1008 3567 1130 3631 salu*m
