2570 4180
609 351 657 421 73

609 534 662 594 23.

470 653 573 708 OLEA
598 653 649 708 ΕΤ
679 651 799 709 ulcus

198 741 292 804 Juxta
319 741 421 804 oleam
442 753 535 806 enata
556 741 657 806 fuerat
678 741 765 804 ficus.
818 739 911 804 Hanc
933 740 988 804 illa
1006 741 1109 827 despi-

155 825 250 886 cere*
265 835 358 906 atque
373 826 529 902 irridere*
544 825 627 906 quod
641 826 712 888 cum
733 824 802 906 ipsa
822 824 976 890 viriditate
997 847 1108 912 peren·
1206 863 1210 872 =

155 908 188 970 ni
203 909 364 989 gauderet,
379 908 423 970 illi
438 919 504 972 tum
519 909 594 972 solia
607 908 797 972 deciderent.

199 991 262 1053 Nix
277 1002 391 1068 autem,
413 993 452 1054 ea
472 1001 657 1074 tempestate
677 991 815 1073 delapsa,
829 991 909 1054 olaae
931 993 1022 1056 ramis
1044 1002 1109 1058 tam

44 1095 52 1103 ·
156 1077 254 1138 densa
268 1069 432 1152 insidebat,
446 1085 481 1138 ut
503 1075 571 1157 ipsa
588 1075 650 1137 aa
663 1097 736 1138 cum
749 1075 978 1156 pulchritudine
993 1076 1048 1140 sud
1061 1077 1108 1140 in-

156 1159 260 1222 teriitt
290 1158 372 1221 hanc
393 1159 475 1236 verb,
497 1179 591 1240 quam
611 1159 761 1222 nudatam
781 1158 862 1220 soliis
883 1159 1009 1238 invenit,
1030 1181 1108 1246 proe·

155 1242 278 1319 teribat,
293 1253 325 1306 et
339 1242 371 1306 in
386 1253 498 1308 terram
510 1243 651 1308 defluens
663 1241 742 1308 nihil
756 1240 786 1308 ei
800 1241 947 1306 nocebat.
1048 1307 1052 1322 ‚

605 1373 657 1430 24.

449 1463 546 1540 Apus
576 1485 626 1540 aa
656 1485 817 1542 russos.

197 1577 285 1656 Apes
311 1575 343 1637 in
357 1575 434 1638 cavis
456 1595 574 1657 quercu
587 1573 650 1646 mel
665 1574 833 1654 faciebant,
855 1575 963 1640 Pastor
982 1575 1055 1642 verb
1073 1567 1109 1642 in

154 1680 218 1734 eas,
233 1658 319 1740 operi
334 1658 478 1736 intentae,
493 1658 570 1720 forte
596 1658 724 1738 incidit3
745 1659 840 1740 idque
861 1659 969 1723 sedulb
1025 1661 1109 1738 ebat,

155 1752 190 1804 ut
218 1741 303 1804 favos
326 1741 478 1804 auferret:
510 1741 594 1822 quod
618 1741 690 1803 cirm
711 1742 878 1804 sensissent
899 1763 983 1824 apes,
1040 1763 1109 1808 rore

156 1825 283 1906 percitae
316 1824 389 1886 hinc
412 1834 444 1887 et
465 1824 552 1886 illinc
566 1824 812 1902 circumvolant,
834 1824 959 1908 suisque
988 1825 1110 1890 hostem

155 1909 206 1969 abi
231 1918 286 1970 unt
301 1907 428 1970 aculeis

196 1929 254 2056 lie
276 2001 380 2054 tamen
402 1990 512 2065 victus,
531 1989 653 2068 Valete,
676 1990 785 2072 inquit,
800 1990 830 2054 Ο
844 1990 1001 2068 fcrooulae‚
1016 2001 1108 2056 aeter·

153 2076 225 2170 mim
240 2071 362 2169 valete5
383 2094 448 2136 non
469 2073 547 2150 aded
567 2073 630 2136 mel
652 2075 805 2151 desidero,
829 2084 898 2138 uta
921 2075 1009 2138 vobis
1029 2074 1108 2139 illud

154 2179 330 2240 accipiam„
776 2169 779 2175 “

607 2245 661 2303 25.
788 2278 790 2283 ·

478 2341 569 2396 DUAE
595 2341 794 2396 MANTIOAE.

196 2429 414 2510 Unusquisque
435 2429 573 2490 nostrum
595 2429 673 2490 duas
686 2437 790 2511 gestat
802 2429 963 2504 manticas,
978 2427 1107 2492 alteram

153 2525 225 2576 ante
248 2522 370 2595 pectus,
385 2511 514 2574 alteram
536 2531 555 2574 a
576 2519 684 2594 terg03
705 2521 866 2593 utramque
885 2510 1028 2573 vitiorum
1041 2505 1128 2592 ple-⁴

151 2617 246 2658 nam:
276 2595 406 2658 aliorum
435 2594 561 2678 quidem
593 2595 786 2671 anteriorem,
814 2594 1006 2678 propriorum
1034 2593 1106 2656 vero

152 2679 364 2762 posteriorem.
569 2681 571 2689 '

193 2763 361 2846 Propterea
394 2760 535 2824 homines
564 2783 621 2825 sua
650 2760 725 2826 vitia
756 2761 883 2826 omnino
903 2781 968 2827 non
990 2759 1106 2838 vident,

52 2833 53 2836 ¹
152 2845 254 2909 aliena
267 2843 341 2908 verb
357 2843 632 2926 perspicacissimis.

606 2967 659 3026 26.

193 3154 314 3215 Cassita
334 3153 409 3216 dum
430 3171 536 3216 ercam
556 3151 686 3234 appetit,
708 3149 824 3214 irretita
845 3149 968 3232 laqueo,
996 3149 1105 3232 deplo-

151 3257 221 3300 rans
239 3236 397 3308 fortunam¹
414 3255 511 3312 suam,
526 3235 581 3298 Me
595 3233 739 3297 miseram
759 3243 792 3297 et
813 3231 980 3310 inblicem,
994 3233 1105 3312 inquit,

149 3318 326 3381 volucrem:
346 3339 410 3384 non
432 3339 494 3400 ego
516 3318 584 3380 aliis
606 3338 714 3380 aurum
734 3317 887 3396 subduxi3
908 3335 972 3378 non
994 3331 1105 3396 argen-

150 3413 216 3464 tum
229 3402 316 3484 rapui
327 3425 337 3480 3
358 3401 436 3464 nihil
458 3401 555 3462 invasi
579 3401 624 3462 rei
645 3400 738 3462 ullius
757 3401 921 3480 pretiosae:
943 3394 1105 3478 parvulum

149 3485 220 3548 verb
235 3485 328 3548 tritici
342 3504 475 3569 granum
488 3492 618 3545 mortem
631 3483 706 3544 mihi
720 3482 833 3545 attulit.

411 3699 430 3753 7
467 3635 481 3660 ⁴*
491 3629 656 3696 lla-spiciatur,
666 3629 794 3680 irridebat.
