2570 4180
618 346 665 416 70

211 522 326 588 Animo
339 522 453 587 sensim
475 522 604 598 firmato,
619 520 889 605 circunnpicere,*
903 530 936 584 et
953 531 1064 584 contra
1085 517 1121 583 il-

169 603 233 670 lum
254 607 464 683 clamatorem,
494 605 632 688 quisquis
655 616 747 683 esset,
768 625 836 670 sese
866 604 1006 686 parare?
1026 615 1060 668 et
1081 604 1121 667 ad

169 709 212 773 pu
257 711 308 755 am
321 689 522 772 accingere*

243 776 250 794 ⁸
311 785 415 837 autem
428 774 513 836 videt
533 781 750 869 prorepentem
773 792 880 835 ranam
893 772 934 836 de
949 769 1121 856 propinquo

170 855 251 933 lacn,
274 857 317 920 ibi
338 857 399 934 leo,
421 856 512 920 simui
533 857 747 939 indignatione
769 855 859 918 simul
881 856 976 921 etiam
1003 855 1121 938 pudore

170 939 311 1018 affectus,
325 941 408 1023 pede
423 939 508 1003 illam
523 939 742 1003 conculcatam
756 939 881 1002 attrivit.

619 1045 667 1102 13.

409 1144 586 1200 Foamlca
612 1143 662 1196 ΕΤ
693 1143 885 1199 COLUMBA.

212 1229 356 1294 Formica
376 1231 483 1295 sitiens
503 1232 536 1294 in
557 1231 674 1295 fontem
694 1252 728 1294 se
756 1231 932 1309 demiserat,
957 1230 1012 1294 sed
1033 1231 1122 1295 undis

171 1312 277 1376 ablata
290 1315 435 1378 veniebat
445 1315 510 1398 jam
524 1315 556 1376 in
571 1313 743 1396 pericuhun
756 1336 796 1378 ne
811 1315 1026 1379 suffocaretur.

213 1395 286 1459 Hoc
307 1397 454 1460 columba
467 1418 608 1472 cernens,
621 1397 662 1460 de
686 1398 795 1461 arbore
809 1399 983 1461 detractum
1005 1419 1122 1461 tarnum

171 1477 204 1542 in
231 1499 327 1560 aquas
359 1479 485 1564 abjecit,
507 1480 558 1543 cui
593 1479 809 1544 adhoeresccns
837 1481 967 1544 formica
992 1494 1122 1546 mortem

171 1562 278 1626 evasit.

213 1645 311 1710 Paulo
338 1646 408 1743 pbst
428 1645 516 1710 affuit
544 1667 671 1730 auceps,
692 1659 726 1712 et
747 1649 947 1712 arundinibus
968 1648 1123 1730 dispositis
1196 1693 1199 1698 -

171 1730 326 1794 columbe
341 1730 477 1793 maidiari
492 1731 610 1812 coepit3
630 1732 682 1794 cui
703 1743 845 1796 metuens
866 1731 996 1796 formica
1008 1733 1048 1794 ad
1070 1752 1124 1796 au-

171 1834 285 1895 cupem
312 1815 451 1895 arrepsit,
472 1824 505 1876 et
532 1813 576 1876 ita
596 1814 796 1878 vehementer
815 1814 903 1878 illum
925 1815 1067 1898 pupugit,
1089 1826 1124 1878 ut

172 1896 336 1958 mundinas
350 1916 414 1976 praa
428 1896 536 1959 dolore
557 1896 726 1979 abjiceret;
747 1908 841 1979 atque
865 1898 974 1962 hanam
995 1898 1124 1982 strepitu

171 1977 277 2042 territa
290 1976 437 2042 columba
450 1977 593 2056 avolavit,
607 1999 645 2041 ac
660 1979 834 2062 periculum
847 1981 964 2046 vitavit.

392 2084 675 2231 GARBONARIlng·
696 2177 746 2231 ET
776 2178 912 2234 FULLO.

213 2263 412 2328 Conduxerat
444 2264 590 2346 perqudm
622 2264 772 2346 spatiosas
794 2265 879 2328 oedes
901 2266 1124 2346 carbonarius3

172 2347 276 2430 itaque
298 2347 408 2444 invitat
428 2345 587 2424 fullonem,
609 2348 768 2432 angustius
789 2348 992 2428 habitantem,
1017 2350 1063 2414 uti
1085 2351 1124 2413 ad

172 2452 206 2496 sc
221 2441 414 2516 commrgret.
532 2477 538 2488 .
1073 2449 1078 2458 ·

215 2515 351 2612 Negavit
364 2515 441 2610 fullo
450 2513 514 2612 ‘sibi
536 2513 597 2578 hoc
620 2514 818 2595 faciendum3
833 2515 928 2594 ¹Quid
942 2517 1025 2582 enim
1039 2539 1125 2582 com·

172 2601 957 2745 dddtre’cb’lulddddtdidddrrddbdidqdddmpodbett’u‘iildi’'
970 2622 1047 2748 (butt
1060 2623 1125 2748 bagao

171 2761 251 2826 culis
265 2760 411 2845 repleres.
735 2727 743 2758 ’
926 2703 981 2764 gm

531 2943 776 3002 Placauoaus.
817 2951 820 2957 '

214 3016 294 3080 cam
307 3016 486 3098 piscatores,
500 3017 554 3080 diu
574 3015 764 3094 multumque
784 3010 880 3075 defati
924 3013 957 3092 ti,
970 3013 1048 3079 nihil
1068 3037 1123 3081 ca·

173 3118 246 3181 pere
274 3099 455 3180 potuissent,
484 3098 604 3180 perditi
626 3096 730 3180 operit,
754 3096 856 3158 tristes
899 3117 1004 3162 omum
1024 3101 1124 3166 redire

173 3191 293 3266 parant.

214 3265 298 3330 mm
316 3262 356 3326 de
381 3262 546 3345 improviso
560 3262 702 3344 thyrmus,
717 3262 757 3326 ab
771 3262 840 3326 aliis
861 3263 1000 3346 piscibus
1021 3286 1125 3348 perse-

174 3359 275 3427 cutus,
298 3346 378 3411 saltu
397 3347 430 3410 in
451 3346 610 3430 navigium
631 3345 754 3408 illorum
775 3367 809 3410 se
829 3347 937 3429 dedit3
958 3369 1022 3430 quo
1034 3351 1125 3432 potiti

173 3454 247 3496 cum
261 3431 367 3516 proedb
380 3441 413 3495 et
427 3429 536 3494 laetitiis
550 3429 664 3493 abidre.

205 3565 219 3592 ⁹
228 3563 312 3611 'l'bsso
323 3565 404 3612 words
414 3579 456 3612 arc
468 3563 529 3612 used
540 3563 566 3611 in
574 3561 620 3612 'tha
635 3577 707 3610 senso
722 3562 753 3612 of
766 3563 810 3612 tha
829 3561 960 3626 imperfect
978 3561 1124 3611 indicative·

174 3621 221 3671 vis.
233 3622 453 3688 circumspiciebat,
458 3625 575 3690 parabat,
586 3623 736 3688 accingebat.
