2570 4180
461 759 584 820 raas
611 761 856 866 mm·

391 1086 413 1158 Ψ
503 1085 767 1206 saeuum.

615 1409 646 1466 l.

466 1526 616 1581 VULPES
645 1525 695 1578 ΕΤ
723 1525 807 1579 LEO.

198 1635 339 1711 Vums,
363 1655 434 1715 quae
449 1657 608 1716 nunquam
629 1635 754 1698 leonem
774 1635 904 1711 viderat,
918 1656 1015 1716 quum
1037 1635 1112 1698 buic

156 1719 234 1782 forte
257 1717 453 1793 occurrisset,
468 1719 511 1780 ita
534 1719 629 1781 fertur
642 1719 795 1792 exterrita,
816 1729 851 1780 ut
874 1738 967 1800 pene·
980 1739 1113 1782 morere·

156 1811 207 1866 tur
229 1799 410 1878 formidine3
444 1803 579 1864 eundem
611 1801 794 1883 conspicata
824 1801 944 1878 iterum,
972 1801 1114 1865 extimuit

156 1883 294 1966 quidem,
322 1884 376 1945 sed
401 1899 599 1966 nequaquam
620 1896 655 1947 ut
676 1895 789 1948 antea:
810 1884 901 1947 tertie
923 1885 968 1948 illi
990 1883 1113 1948 obviam

157 1967 251 2042 facta,
274 1976 338 2052 tarn
363 1967 452 2030 firmo
475 1969 580 2031 animo
601 1967 668 2045 fuit,
693 1977 729 2031 ut
749 1968 903 2033 accedere
924 1968 1060 2056 propius.
1079 1977 1114 2032 et

158 2049 348 2133 compellare
362 2049 450 2113 illum
464 2051 602 2114 auderet.

617 2179 649 2235 2.

347 2276 350 2280 ’
428 2275 605 2328 ANSERES
635 2275 685 2329 ΕΤ
716 2275 853 2330 GRUES.

202 2361 239 2424 In
253 2361 366 2424 eodem
382 2374 472 2446 prato
486 2363 695 2446 pascebantur
709 2381 833 2425 anseres
849 2370 883 2422 et
903 2381 1006 2442 grues.
1050 2360 1115 2422 Ad-

160 2444 305 2508 veniente
327 2465 461 2528 aucupe,
482 2465 585 2528 grues,
606 2445 732 2507 levitate
747 2443 802 2506 sula
816 2442 923 2524 adjuti,
938 2441 1029 2505 facile
1044 2462 1116 2506 avo-

160 2527 242 2590 lant:
264 2548 389 2590 anseres
404 2540 517 2605 autem,
531 2528 672 2610 impediti
686 2527 847 2609 grantate,
861 2525 935 2586 dum
949 2525 1116 2588 moliuntur

162 2609 279 2694 fugam,
294 2612 337 2675 ab
352 2632 473 2694 aucupe
489 2610 730 2694 prehenduntur.

628 2731 658 2788 3.

434 2801 576 2882 asinus
607 2827 657 2880 m
682 2827 843 2880 veneres.

206 2918 331 2994 Asinus,
346 2917 470 2996 indutus
491 2915 591 2978 leonis
613 2915 705 2995 pelle,
729 2914 861 2994 superb'e
885 2912 1117 2988 obambulabat,

44 3047 49 3052 -
164 3011 198 3064 et
225 3001 361 3080 reliquas
381 2999 496 3061 bestias
525 2997 695 3059 territabat.
759 2995 844 3057 Huic
880 2994 1002 3056 obvi'am
1035 2993 1119 3058 facta

100 3087 103 3090 ’
164 3081 343 3163 vulpecula,
369 3102 438 3161 quae
467 3081 545 3144 sorte
574 3079 657 3141 illius
684 3099 793 3141 vocem
815 3077 994 3140 audiverat:
1016 3077 1119 3140 Etiam

165 3175 198 3228 te
212 3185 284 3246 ego,
299 3164 406 3244 inquit,
421 3175 602 3240 metuerem,
616 3161 675 3224 nisi
690 3171 721 3224 te
736 3161 845 3224 rudere
860 3158 960 3224 solere
974 3161 1096 3224 scirem.

465 3381 566 3434 Apula
596 3289 832 3434 E‡·VULPES·

209 3475 328 3540 Videris
363 3454 529 3549 vulpecula
563 3467 603 3528 ad
630 3477 773 3529 truncum
805 3460 925 3526 roboris
956 3467 1119 3524 acuentem
1182 3509 1184 3516 .

166 3558 278 3624 dentes
302 3576 411 3640 aprum
424 3551 595 3632 interrogat
608 3548 706 3624 illum,
727 3567 789 3627 quo
811 3540 943 3638 consilio
963 3540 996 3604 id
1016 3540 1120 3619 saciat,

158 3637 240 3707 'ciam
253 3640 340 3706 nulla
353 3643 464 3723 urgeat
478 3633 657 3707 necessitas,
671 3649 773 3710 neque
788 3625 906 3692 bellmn
919 3633 1023 3692 instet.
