2590 4194
472 373 587 416 rursm
610 349 801 428 eonnouurr.
1057 354 1117 418 187

155 518 225 603 quid
239 535 333 584 ortum
357 519 442 583 luerit
456 523 606 586 simultatis
617 521 762 598 alicunde,
777 534 827 584 aut
842 521 1011 605 purgatione
1033 520 1121 598 lenio,

153 617 206 666 aut
227 606 330 667 officiis
358 607 514 690 extinguo,¹
527 623 577 670 aut
601 606 825 668 dissimulatione
840 606 933 688 patior
954 605 1120 668 intermori:

155 690 372 750 acontentione
388 711 504 773 semper
518 691 663 768 abstine03
708 711 751 751 ue
773 689 797 750 si
817 689 958 766 inciderit,
982 690 1059 751 malo
1079 689 1122 750 rei

153 769 244 854 quam
255 773 385 836 amicitie
397 773 491 835 sacer-e
503 773 655 859 jacturam.
688 711 850 835 incaeteris
864 772 1018 835 Mitionem
1030 793 1123 855 quen-

156 855 223 916 dam
240 877 304 938 ago‚
319 857 389 918 nulli
403 858 476 919 laedo
490 879 533 932 os,
549 857 663 918 arrideo
677 857 826 932 omnibus3
842 857 932 918 saluto
947 877 981 918 ac
996 857 1122 918 resaluto

155 937 331 1022 benigniter;
353 942 457 1002 nullius
475 941 570 1002 animo
590 961 739 1022 repugn03
764 941 867 1001 nullius
886 939 1046 1008 institutum
1072 953 1122 1001 aut

155 1019 264 1084 lactum
291 1025 415 1086 damno:
438 1024 545 1086 nemini
568 1045 615 1084 me
639 1022 779 1106 praelero:
800 1023 891 1106 patior
916 1045 1000 1084 suum
1016 1023 1122 1106 cuique

155 1107 308 1188 pulchrum
330 1129 411 1168 esse:
428 1108 504 1190 quod
523 1108 611 1168 taceri
628 1107 725 1181 velim,
740 1106 848 1168 nemini
869 1107 976 1168 credo:
1001 1107 1122 1168 aliorum

156 1209 261 1250 arcana
275 1211 334 1252 non
356 1206 474 1265 scrutor,
490 1205 519 1252 et
533 1191 556 1250 si
572 1191 640 1272 quid
667 1189 740 1252 sortis
755 1189 833 1266 novi,
848 1189 997 1273 nunquam
1012 1190 1121 1252 effutio.

155 1271 206 1333 De
228 1273 273 1334 his
296 1274 346 1356 qui
368 1288 523 1356 praesentes
538 1295 595 1334 non
610 1288 686 1349 sunt,
702 1288 752 1336 aut
775 1287 871 1349 taceo,
894 1287 944 1334 aut
969 1271 1064 1334 amicis
1079 1274 1123 1335 lo-

154 1377 227 1438 quor
241 1378 277 1418 ac
299 1358 428 1420 civiliter.
473 1357 582 1440 Magna
604 1379 671 1439 pars
694 1357 870 1418 simultatum
894 1357 969 1418 inter
989 1357 1123 1418 homines

154 1441 281 1502 nascitur
297 1462 336 1502 ex
358 1442 460 1525 lingue
474 1441 702 1523 intemperantia.
747 1441 867 1502 Alienus
888 1437 1046 1502 simultates
1065 1459 1123 1502 nee

156 1523 254 1585 excito
267 1546 324 1586 nec
339 1525 385 1586 alo
397 1547 406 1603 3
433 1524 485 1586 sed
499 1524 662 1606 ubicunque
682 1526 766 1585 datur
779 1525 989 1606 opportunitas,
1004 1538 1054 1585 aut
1068 1545 1122 1585 ex-

156 1605 264 1687 tinguo,
275 1620 326 1668 aut
337 1609 447 1690 mitigo,
489 1606 545 1668 His
557 1607 712 1667 rationibus
722 1607 863 1668 hactenus
875 1606 960 1668 vitavi
974 1607 1122 1684 iuvidiam,

156 1709 193 1750 ac
208 1691 436 1752 benevolentiam
450 1690 556 1752 civium
570 1710 705 1750 meorum
719 1689 784 1750 alui.

199 1772 261 1836 Pa.
284 1773 355 1835 Non
370 1773 480 1835 sensisti
495 1793 612 1856 gravem
627 1773 811 1834 caelibatum?

146 1933 150 1941 ἱ
205 1855 257 1918 Gt.
280 1857 355 1920 Mihi
378 1858 494 1941 quidem
516 1856 585 1917 nihil
600 1856 706 1918 accidit
728 1855 859 1917 acerbius
873 1856 902 1917 in
922 1854 982 1918 vital
997 1877 1122 1940 unquam

157 1941 256 2002 uxoris
271 1955 385 2003 morte:
410 1962 443 2002 ac
459 1941 647 2003 vehementer
669 1938 816 2022 optassem
832 1939 909 2001 illam
931 1940 990 2002 unia
1004 1961 1122 2002 mecum

156 2045 379 2100 consenescere,
388 2023 541 2106 liberisque
553 2023 754 2085 communibus
766 2021 819 2084 nui
829 2045 838 2101 3
850 2024 901 2085 sed
915 2025 1032 2106 quando
1043 2024 1123 2086 alitor

158 2107 252 2170 visum
267 2121 311 2170 est
326 2107 447 2190 superis,
457 2106 585 2190 judicavi
600 2107 642 2168 sic
657 2104 749 2189 magis
759 2107 900 2188 expedire
912 2108 1026 2192 utrique
1039 2129 1047 2185 3
1069 2129 1122 2170 ne·

157 2211 215 2286 que
230 2212 349 2254 causam
364 2190 458 2274 putavi
470 2211 522 2252 cur
533 2213 581 2252 me
593 2190 669 2251 inani
680 2191 760 2252 luctu
772 2190 989 2269 discruciarem,
1001 2212 1123 2274 pracser-

157 2288 210 2336 tun
225 2274 293 2336 clun
309 2275 332 2335 is
346 2275 414 2336 nihil
431 2273 580 2356 prodesset
595 2272 749 2335 defuncte.

200 2357 258 2420 Po.
283 2357 480 2440 Nunquamne
509 2355 626 2416 incessit
654 2357 741 2418 hbido
769 2356 919 2438 repetendi
948 2357 1123 2419 matrimonii

159 2441 316 2525 presertim
330 2443 398 2504 chm
413 2439 488 2502 istud
503 2439 554 2500 tihi
569 2438 690 2500 feliciter
705 2439 859 2499 cessisset?
913 2515 915 2519 Ι

205 2523 255 2586 Gt.
277 2524 410 2599 Incessit,
436 2523 488 2585 sed
513 2521 668 2583 liberorum
696 2522 788 2582 causa
810 2521 951 2583 duxeram
978 2542 1123 2600 uxorem3

158 2607 315 2670 liberorum
336 2607 426 2670 caush
439 2627 537 2668 rursus
558 2627 616 2666 non
639 2604 720 2665 duxi.
779 2603 859 2664 Tum
884 2605 980 2687 cogita
1004 2620 1124 2688 quantas

159 2691 265 2752 habeat
277 2691 496 2752 commoditates
518 2689 685 2750 celibatus.'
715 2685 856 2758 ¹Quidam
878 2687 957 2748 omni
971 2709 1011 2749 ex
1025 2708 1056 2748 re
1071 2687 1124 2750 de·

159 2787 281 2855 cerpunt
294 2773 318 2834 si
334 2773 400 2857 quid
416 2785 460 2834 est
476 2770 672 2834 incommodi:
702 2770 793 2852 qualis
817 2768 904 2830 luisse
918 2769 1032 2832 videtur
1047 2769 1123 2833 Cra-

159 2870 203 2919 tes
217 2857 265 2918 ille
280 2855 363 3000 cuqus
386 2856 467 2918 titulo
481 2854 570 2916 fertur
585 2853 774 2935 epigramma,
796 2851 862 2912 vitae
883 2853 960 2913 mala
973 2853 1121 2936 colligens.
1209 2861 1212 2868 '

160 2939 305 3002 Nimirum
339 2939 362 3000 is
376 2939 473 3020 placet
487 2937 568 3011 illud,
583 2937 725 3017 optimum
736 2956 794 2995 non
808 2934 896 2993 nasci.
941 2933 1018 2994 Mihi
1032 2935 1125 3017 magis

161 3023 266 3084 arridet
291 3021 485 3093 Metrodorus,
510 3019 704 3098 undequaque
720 3017 880 3096 decerpens
905 3014 928 3075 si
953 3015 1021 3096 quid
1049 3017 1124 3079 inest

160 3104 248 3179 boni;
276 3103 317 3164 sic
332 3102 409 3164 enim
438 3103 469 3164 fit
480 3101 538 3163 vita
559 3099 688 3176 dulcior;
717 3112 747 3160 et
773 3118 829 3179 ego
858 3097 909 3172 sic,
934 3096 1036 3159 induxi
1063 3100 1124 3160 ani-

161 3207 244 3250 mum
258 3199 290 3248 ut
300 3185 369 3247 nihil
383 3185 574 3248 vehementer
585 3183 632 3244 vel
642 3181 764 3255 oderim,
777 3181 824 3241 vel
835 3192 984 3261 expetam.
1027 3179 1074 3242 Itia
1083 3182 1124 3256 fit,

162 3281 196 3329 ut
216 3268 240 3328 si
265 3267 333 3349 quid
358 3268 486 3350 obtingat
509 3267 586 3340 boni,
610 3287 667 3326 non
691 3265 795 3326 efferar
813 3276 861 3326 aut
887 3262 1058 3323 insolescam
1070 3282 1079 3337 ;
1100 3263 1124 3324 si

164 3350 234 3432 quid
249 3349 381 3423 decedat,
396 3371 452 3410 non
468 3349 625 3410 admodum
639 3347 759 3408 crucier.

206 3430 270 3492 Pa.
292 3429 347 3491 Nae
372 3443 404 3490 tu
428 3430 617 3510 philosophus
631 3450 663 3490 es
687 3430 733 3489 vel
759 3428 823 3509 ipso
837 3426 967 3486 Thalete
989 3425 1125 3507 sapienti·

165 3536 208 3590 or,
223 3513 246 3574 si
262 3511 380 3594 quidem
395 3509 469 3572 istud
484 3523 576 3590 potes.

213 3593 263 3656 Gt.
287 3593 320 3654 Si
334 3593 403 3674 quid
418 3591 590 3673 egritudinis
604 3593 735 3654 obortum
748 3604 791 3652 est
805 3591 911 3664 animo,
922 3603 954 3651 ut
967 3591 1057 3653 multa
1070 3589 1126 3654 lert

166 3675 333 3760 hujusmodi
356 3675 413 3736 vita
435 3674 606 3749 mortalium,
628 3675 755 3756 protinus
777 3671 861 3754 ejicio
884 3691 925 3734 ex
943 3672 1050 3753 animo,
1064 3673 1128 3736 sive

166 3760 204 3822 sit
217 3761 259 3824 ira
273 3779 313 3824 ex
326 3755 523 3902 fflffl'fflve
538 3757 608 3842 quid
618 3756 697 3820 aliud
710 3752 827 3839 indigne
842 3752 962 3820 unam.
