2590 4194
178 345 240 406 140
491 363 822 420 ruent-connooum.

215 505 274 570 Po.
299 507 440 572 Nonnihil
454 509 552 574 timim
563 512 651 575 dabat
664 525 767 589 mater,
779 531 814 573 ao
826 521 968 594 praterea
979 503 1136 568 conflatum
1160 539 1162 542 ·

173 602 218 653 est
231 593 294 654 aeris
308 594 393 656 alieni
409 594 475 676 plus
488 594 566 658 satis.

214 674 276 738 Eu.
300 677 535 761 Reperiebantur
549 693 607 741 tam
624 677 705 754 latui,
719 690 752 739 ut
766 677 816 740 tibi
830 674 1009 738 crederent?

214 758 272 822 Po.
298 761 374 822 Sunt
390 761 438 844 qui
452 763 537 824 nullis
552 763 674 824 credant
687 761 830 824 libentius

215 840 276 905 Pa.
300 843 383 916 Quid
399 846 539 908 tandem?
646 911 649 920 ,

213 925 271 988 Ρο.
295 927 433 990 Tandem
448 928 497 990 ubi
520 943 603 1012 pater
625 926 700 990 serib
723 941 836 1010 pararet
857 925 1080 996 abdicationem,
1094 923 1138 984 in·

172 1021 368 1072 teroesserunt
383 1012 468 1074 amici
484 1033 518 1074 ac
538 1013 648 1074 bellum
662 1013 718 1074 hoc
734 1011 778 1072 his
792 1010 903 1093 legibus
913 1020 1139 1092 composuerunt

172 1105 204 1154 ut
222 1107 383 1156 nostratem
397 1117 522 1158 uxorem
537 1096 687 1158 ducerem.

114 1187 117 1194 '
215 1175 279 1239 Eu.
303 1177 385 1260 Ergo
400 1201 478 1241 nunc
492 1181 583 1241 habea
598 1181 743 1241 uxorem?

216 1259 275 1322 Po.
298 1261 368 1323 Non
382 1261 436 1324 nisi
451 1276 554 1346 preter
567 1263 641 1324 hanc
653 1276 796 1323 octavam.

216 1341 276 1405 Eu.
301 1345 466 1407 Octavam!
489 1344 519 1406 N
521 1367 558 1406 on
570 1345 630 1407 sine
646 1344 766 1426 augurio
781 1343 873 1404 dietus
888 1362 921 1403 es
936 1340 1139 1424 Polygamus3

173 1445 231 1486 non
245 1427 333 1489 taedet
347 1427 540 1510 polygamiae?

215 1506 276 1572 Po.
299 1509 388 1572 Adeb
402 1511 501 1588 tedet,
511 1524 545 1572 ut
558 1511 582 1572 si
595 1511 659 1573 heo
675 1523 778 1574 octava
792 1520 952 1572 moreretur
965 1507 1065 1583 hodie,
1085 1529 1139 1591 pe·

92 1609 102 1630 ·
123 1621 129 1632 =
173 1593 274 1656 rendie
289 1595 430 1656 ducerem
443 1616 560 1656 nonam.

217 1675 280 1740 Eu.
304 1677 366 1740 Sed
381 1678 444 1762 quis
459 1678 510 1740 alit
524 1677 684 1741 familiam?

219 1759 279 1824 Po.
302 1761 354 1824 Ex
365 1762 445 1825 obitu
457 1775 611 1844 parentum
622 1760 746 1825 accessit
757 1781 803 1823 res
818 1757 984 1835 mediocris,
995 1770 1025 1820 et
1039 1758 1141 1842 gnavi·

175 1858 221 1906 ter
234 1845 383 1908 laboratur
397 1846 540 1907 manibus.

218 1926 279 1990 Eu.
303 1927 461 1990 Deseivisti
475 1929 560 2010 igitur
574 1949 592 1990 a
606 1929 715 1990 literis?

218 2008 277 2072 Po.
301 2009 396 2072 Plane
411 2010 448 2072 ab
470 2012 563 2092 equis,
578 2010 658 2093 qubd
679 2011 768 2087 aiunt,
782 2009 820 2072 ad
839 2009 953 2088 asinos3
975 2031 1015 2074 ex
1037 2010 1141 2095 hepta-

175 2093 285 2156 teohno
299 2091 391 2154 lactus
407 2094 622 2156 monotechnus
637 2093 725 2157 laber.

218 2174 279 2238 Eu.
303 2175 428 2263 Miserl
444 2175 530 2246 toties
544 2177 595 2239 tibi
609 2175 748 2240 serendus
767 2190 829 2240 erat
850 2177 959 2254 luctus,
973 2177 1057 2241 toties
1078 2199 1142 2242 coe-

176 2261 303 2325 libatus?

220 2346 281 2410 Po.
303 2344 465 2430 Nunquam
480 2345 541 2408 vixi
555 2345 668 2410 coelebs
677 2343 752 2408 ultra
763 2345 825 2408 dies
840 2345 956 2423 decem,
968 2365 1141 2430 semperque

178 2452 256 2494 nova
281 2445 371 2515 nupta
392 2445 523 2493 veterem
544 2431 658 2493 luctum
680 2429 804 2513 expulit.
849 2427 972 2492 Habetis
986 2429 1064 2492 bont
1083 2431 1141 2492 lide

179 2515 244 2577 vitae
281 2537 354 2578 mee
391 2535 555 2590 summam
592 2528 679 2597 atque
715 2513 828 2576 utinam
856 2512 1014 2596 Pampirua
1046 2528 1142 2576 narret

178 2598 261 2659 nobis
293 2620 352 2659 suae
381 2617 499 2691 quoque
524 2597 588 2659 vite
614 2597 753 2672 fabulam,
778 2598 828 2681 qui
851 2595 920 2659 satis
942 2595 1020 2659 belle
1049 2611 1144 2679 portat

178 2693 313 2820 atetqlm3
340 2699 418 2752 nam,
433 2700 463 2738 m
486 2676 579 2753 fallor,
603 2691 664 2740 me¹
678 2680 792 2740 duobus
815 2694 865 2742 aut
890 2679 981 2740 tribus
1004 2680 1085 2742 annis
1100 2694 1145 2743 est

198 2780 247 2821 ran
277 2781 321 2821 or.

177 2781 197 2841 g
221 2841 280 2904 Pa.
303 2839 412 2904 Dicam
435 2838 583 2923 equidem,
605 2841 629 2902 si
651 2839 734 2903 vobis
754 2841 855 2904 audire
878 2855 963 2903 vacat
985 2844 1042 2905 tale
1065 2865 1144 2908 som-

179 2947 270 2988 mum.

221 3008 283 3072 Eu.
306 3006 373 3069 Imb
388 3007 494 3092 volupe
509 3005 594 3070 fuerit
609 3006 719 3070 audire.

221 3092 283 3154 Pa.
305 3090 365 3152 Ubi
390 3091 511 3152 domum
532 3091 692 3166 rediissem,
707 3091 804 3153 statim
818 3105 902 3174 pater
923 3111 1017 3156 senex
1039 3113 1143 3174 urgere

178 3175 271 3258 coepit
292 3189 325 3236 ut
346 3173 463 3256 aliquod
485 3173 551 3234 vita
574 3194 664 3255 genus
698 3175 888 3256 amplecterer
913 3174 992 3235 unde
1014 3176 1144 3238 nonnihil

180 3255 306 3356 questtis
320 3256 475 3318 accederet
490 3255 532 3315 rei
550 3254 701 3334 familiari3
726 3277 771 3332 ao,
787 3270 853 3338 post
866 3257 984 3338 longam
997 3259 1145 3320 consulta-
1236 3321 1241 3333 ,

180 3357 301 3416 tionem,
336 3338 423 3401 lacuit
437 3337 602 3420 negotiatio.

224 3424 282 3486 Po.
343 3421 399 3482 iror
413 3420 470 3480 hoe
484 3419 549 3482 vite
564 3440 657 3515 genus
671 3419 798 3482 arrisisse
814 3421 1006 3502 potissimltm.

224 3505 284 3566 Pa.
309 3502 401 3564 Eram
415 3500 519 3562 natura
532 3501 632 3570 sitiens
652 3502 847 3583 cognoscendi
868 3523 916 3564 res
938 3524 1038 3578 noras,
1053 3505 1144 3566 varias

181 3584 324 3722 reqones,
338 3583 436 3658 urbes,
451 3583 574 3664 linguas,
588 3603 623 3645 ao
638 3603 735 3644 mores
749 3583 909 3645 hominum.
953 3585 1006 3647 Ad
1019 3585 1050 3647 id
1059 3579 1145 3648 inax-

182 3666 223 3725 im
256 3663 408 3723 videbatur
417 3665 550 3746 apposita
562 3663 736 3747 negotiatio:
758 3664 863 3747 quibus
881 3686 921 3730 ex
943 3667 1030 3732 rebus
1051 3667 1145 3730 nasci-

182 3758 229 3810 tur
243 3755 272 3804 et
285 3743 449 3824 prudentia.
