2570 4180
590 317 639 388 63

587 501 656 557 124.

88 625 96 632 ·
182 597 330 681 Fugienti
343 597 479 662 occurrit
498 596 544 659 vir
565 597 725 678 quideme
743 617 859 679 genere
879 595 991 674 saulis,
1005 615 1093 660 nom-

138 679 192 744 ine
208 680 324 758 Semei,
338 681 391 762 qui
406 680 503 763 coepit
525 679 678 742 Davidem
702 680 830 764 ejusque
852 681 983 743 comites
996 681 1093 743 male-

137 763 236 826 dictis
250 774 282 827 et
296 763 451 846 lapidibus
466 774 624 846 appetere.

183 847 281 916 Quod
295 847 339 910 illi
353 848 480 943 indigne
495 845 629 910 serentes
650 846 796 909 volebant
815 845 925 908 ulcisci
940 844 1092 930 injuriam,

138 940 174 994 et
186 929 333 994 maledici
347 929 564 994 conviciatoris
578 939 674 1011 caput
687 940 857 1010 amputare.

185 1013 230 1076 At
257 1013 359 1076 David
380 1035 435 1076 eos
456 1012 614 1076 cohibuit:
646 1011 747 1088 sinite,
772 1012 882 1093 inquit,
903 1010 995 1074 istum
1016 1011 1092 1074 mibi

138 1095 350 1177 maledicere3
372 1096 498 1159 forsitan
519 1095 614 1171 Deus,
635 1094 683 1156 his
705 1115 775 1176 quae
797 1094 897 1176 patior
916 1094 1006 1156 malis
1027 1094 1094 1176 pla-

139 1191 239 1256 catus,
253 1179 316 1242 mei
329 1180 533 1254 miserebitur,
548 1189 581 1240 et
591 1198 655 1240 rem
669 1177 816 1240 afflictam
830 1177 980 1240 restituet.

190 1262 412 1327 incredibilem
438 1262 529 1345 ,regis
563 1261 744 1344 patientiam
786 1259 929 1324 admirati
963 1260 1094 1324 comites

139 1345 227 1410 dicto
240 1347 324 1431 aegre
338 1356 517 1430 paruerunt.

584 1467 655 1524 125.

184 1563 334 1640 Absalon‚
362 1562 504 1646 profecto
524 1571 622 1644 patre,
658 1561 814 1644 ingressus
843 1573 891 1625 est
914 1562 1095 1646 Hierosoly·

140 1667 236 1721 mam,
265 1646 372 1726 ibique
402 1645 582 1726 aliquandiu
602 1655 740 1710 moratus
761 1655 818 1721 est,
840 1665 911 1726 quse
932 1666 982 1709 res
1003 1645 1094 1708 saluti

142 1729 203 1793 fuit
217 1729 348 1808 Davidi3
367 1749 440 1792 nam
461 1727 584 1792 interim
603 1727 706 1792 David
718 1727 849 1811 collegit
866 1727 985 1810 copias,
999 1748 1096 1811 seque

142 1813 185 1875 ad
199 1811 318 1875 bellum
332 1811 532 1894 comparavit

185 1895 256 1958 Jam
280 1895 388 1958 aderat
400 1893 541 1958 Absalon
554 1913 628 1958 cum
648 1893 797 1972 exercitu,
811 1904 845 1960 et
858 1895 1001 1979 proelium
1022 1916 1095 1959 mor

141 1989 208 2043 erat
221 1978 477 2042 committendum
487 2000 498 2057 3
517 1987 681 2040 suaserunt
700 1978 767 2062 regi
787 1979 836 2042 sui
856 1978 988 2044 comites
1006 1988 1094 2042 utne

144 2063 307 2130 interesset
319 2061 491 2125 certamini.

185 2147 386 2227 Quapropter
399 2144 500 2209 David
517 2143 652 2209 Joabum
672 2145 736 2208 suis
757 2144 858 2228 copiis
881 2143 1034 2228 prefecit,
1047 2164 1095 2208 m-

143 2249 203 2310 que
217 2229 250 2291 in
264 2228 374 2291 urbem
388 2227 523 2290 vicinam
537 2228 680 2291 contulit.

185 2311 305 2376 Abiens
332 2321 437 2374 autem
458 2311 610 2392 praecepit
633 2310 735 2373 Joabo
758 2309 942 2390 caeterisque
963 2307 1096 2372 ducibus

143 2404 179 2457 ut
192 2393 344 2458 Absaloni
365 2403 539 2476 parcerent,
561 2393 683 2474 sibique
705 2393 804 2456 filium
825 2391 1014 2455 incolumem
1035 2411 1083 2454 ser

143 2487 261 2541 vatent

486 2573 488 2584 '
595 2599 665 2658 126.

187 2697 311 2764 Acriter
333 2707 506 2782 pugnatum
527 2705 576 2760 est
599 2696 743 2779 utrinque
754 2718 764 2776 ς
785 2695 851 2773 sed,
872 2694 942 2759 Deo
962 2693 1095 2773 favente,

145 2781 275 2844 victoria
288 2801 384 2863 penes
399 2781 551 2844 Davidem
565 2780 633 2844 firit.

185 2865 292 2946 Terga
304 2875 462 2928 verterunt
485 2863 652 2928 Absalonis
675 2863 832 2940 militene
854 2863 967 2942 quibus
987 2861 1096 2943 viginti

143 2947 206 3010 duo
220 2946 320 3010 millia
333 2947 526 3008 ceciderunt.

186 3028 328 3092 Absalon
356 3028 478 3110 fugiens
501 3027 587 3089 mulo
610 3027 765 3090 insidebat
772 3050 783 3107 3
806 3037 873 3090 erat
894 3036 999 3090 autem
1026 3046 1097 3110 pro-

143 3113 238 3176 misso
252 3121 285 3172 et
298 3110 396 3172 denso
409 3109 543 3191 capillo:

96 3203 98 3209 ‘
186 3194 271 3256 Dum
285 3192 438 3272 praecipiti
451 3213 544 3254 cursu
559 3191 654 3254 fertur
667 3192 773 3256 subter
793 3194 922 3257 densam
936 3215 1096 3276 quercum,

145 3295 238 3341 coma
261 3273 328 3356 ejus
351 3273 510 3355 implicata
529 3285 579 3336 est
599 3275 701 3352 ramis,
722 3285 754 3338 et
775 3276 841 3358 ipse
863 3295 1028 3358 suspensus
1042 3275 1097 3336 ad·
1121 3279 1124 3284 “

145 3357 246 3434 hesit,
260 3354 347 3418 mulo
360 3355 483 3418 interim
496 3365 760 3450 praetereuntqet
773 3377 899 3422 cursum
913 3365 1075 3439 pergente.

80 3591 82 3598 ’
192 3566 276 3636 Vidit
288 3564 413 3648 quidun
428 3473 838 3650 pendenterllbbsalonem,
852 3584 912 3630 nec
935 3581 1028 3632 ausus
1049 3579 1097 3636 est
