2570 4180
605 403 654 472 55

198 577 291 723 Tpnc
317 580 394 644 sorte
413 582 520 644 messis
540 590 767 644 maturuerat:
789 581 833 644 ita
854 581 946 646 sacile
968 581 1101 646 incendi·

157 683 210 722 um
238 664 294 726 uit.
614 711 616 714 -
1048 705 1052 712 =

201 745 319 810 Omnes
341 758 473 831 segetes,
487 747 586 810 vineae
601 757 634 809 et
647 746 738 823 oleae,
752 757 869 810 exustae
884 760 964 823 runt,
975 769 1034 810 nec
1050 747 1108 810 ini-

157 829 272 892 micam
286 843 412 914 gentem
426 832 515 892 variis
530 831 733 892 incommodis
748 851 857 894 vexare
871 831 1000 915 destitit.

178 913 346 978 'Traditus
370 914 544 988 Philistaeis,
568 914 651 993 rupit
670 913 802 989 vincula,
825 915 936 994 quibus
957 915 1107 978 constric-

160 1005 208 1056 tus
224 997 331 1074 luerat,
345 1008 378 1060 et
400 996 519 1077 arrepta
538 996 663 1058 maxilla
684 997 772 1072 asini,
794 997 854 1060 hoc
869 997 942 1072 telo,
957 998 1040 1078 quod
1054 1019 1107 1061 ca-

159 1100 211 1140 sus
226 1080 362 1156 dederat,
376 1079 460 1142 mille
475 1079 608 1142 hostium
623 1081 795 1161 prostravit.

593 1226 663 1282 100.

201 1343 347 1412 Quadam
360 1345 411 1406 die
427 1345 557 1406 Samson
576 1343 684 1406 urbem
705 1343 931 1407 Philistaeorum
953 1345 1107 1429 ingressus

157 1437 213 1502 est,
228 1427 332 1508 ibique
348 1437 582 1509 pernoctaturus
596 1427 766 1490 videbatur.
1104 1439 1106 1445 “

200 1509 358 1587 Philistaei,
372 1511 570 1572 occasionem
591 1520 762 1593 captantes,
777 1521 881 1594 portas
896 1511 1031 1576 obserari
1043 1513 1107 1597 jus-

158 1603 272 1668 serunt,
286 1613 325 1654 ne
341 1593 408 1673 quis
422 1594 528 1656 exiret.
598 1667 600 1670 Ι

200 1675 260 1736 Per
274 1687 370 1738 totam
394 1686 519 1738 noctem
541 1675 765 1756 exspectabant
779 1676 915 1753 silentes,
928 1687 963 1740 ut
985 1677 1108 1742 Samso-

157 1779 231 1820 nem
245 1760 336 1820 mane
351 1768 514 1820 exeuntem
530 1757 748 1820 interficerent.

201 1841 245 1902 At
270 1841 400 1904 Samson
423 1841 526 1903 media
547 1851 639 1903 nocte
655 1841 793 1918 surrexit,
808 1842 953 1924 venitque
976 1845 1016 1908 ud
1037 1867 1108 1928 por·

158 1935 221 1986 tam
250 1924 343 2000 urbis,
371 1945 473 2005 quam,
490 1945 593 2005 nquum
617 1924 783 1988 invenisset
805 1924 952 2004 clausam,
974 1927 1107 1992 humeris

157 2007 279 2069 sustulit
293 2029 365 2069 curn
379 2008 518 2089 postibus
532 2018 564 2072 et
578 2007 662 2084 seris,
677 2019 771 2090 atque
785 2008 818 2071 in
832 2010 980 2074 verticem
993 2013 1107 2076 montis

158 2090 251 2153 vicini
267 2091 465 2173 supportavit.
774 2087 780 2104 ’

594 2220 663 2276 101.

200 2339 341 2401 Tandem
362 2335 522 2412 Philistaei,
550 2336 602 2416 qui
635 2336 817 2398 Samsonem
844 2337 1107 2418 comprehendere

158 2422 368 2501 nequiverant,
383 2421 465 2483 illius
480 2438 605 2482 uxorem
625 2417 760 2499 pecunia
781 2430 993 2501 corruperunt,
1014 2431 1050 2483 ut
1069 2441 1109 2484 ea

158 2505 258 2566 virum
272 2505 425 2585 proderet.
533 2525 536 2530 ·

201 2587 315 2649 Mulier
328 2586 393 2648 viro
408 2584 558 2667 persuasit
571 2593 606 2646 ut
620 2582 678 2646 ribi
701 2585 853 2650 indicaret
873 2605 998 2650 causam
1012 2595 1107 2651 tantae

159 2669 277 2732 virtutis
289 2693 298 2747 ;
319 2679 361 2745 et,
383 2668 435 2731 ubi
451 2667 574 2731 rescivit
588 2667 666 2729 vires
680 2668 746 2752 ejus
761 2669 792 2731 in
806 2669 928 2752 capillis
942 2670 1016 2733 sitas
1029 2691 1107 2748 csse,

158 2763 254 2835 caput
284 2752 462 2814 dormientis
490 2751 633 2827 totondit,
655 2761 748 2833 atque
772 2751 816 2815 ita
843 2773 915 2816 eum
944 2753 1107 2818 Philistaeis

159 2836 292 2899 tradidit.
322 2850 326 2855 ’

201 2919 261 2995 1111,
271 2919 390 2981 effossis
403 2918 512 2993 oculis,
526 2917 664 2980 vinctum
679 2919 711 2980 in
722 2938 881 2981 carcerem
894 2919 1106 3001 conjecerunt,

158 3001 273 3080 diuque
288 3001 422 3064 ludibrio
435 3001 619 3062 habuerunt.

202 3083 266 3144 Sed
287 3084 387 3165 spatio
410 3081 556 3168 temporis
574 3081 667 3144 crinis
682 3081 803 3145 accisus
817 3103 967 3162 crescere,
981 3095 1015 3148 et
1034 3104 1107 3148 cum

160 3165 245 3228 crine
267 3163 361 3226 virtus
384 3167 494 3241 redire,
518 3164 636 3246 coepit3
664 3165 789 3250 jamque
811 3166 942 3231 Samson
963 3167 1107 3232 conscius

160 3246 279 3328 recepti
293 3247 411 3310 roboris
422 3249 512 3330 justae
527 3247 652 3312 ultionis
665 3261 788 3332 tempus
802 3251 1032 3333 opperiebatur.

596 3375 667 3433 102.

203 3485 278 3547 Erat
291 3483 456 3546 Philistaeis
475 3507 551 3562 mos,
566 3507 660 3566 quum
681 3489 748 3550 dies
771 3487 864 3548 festos
878 3494 1016 3566 agerent,
1038 3504 1108 3568 pro-

85 3581 87 3588 '
159 3570 275 3632 ducere
306 3567 487 3632 Samsonem
511 3569 598 3651 quasi
620 3570 651 3632 in
674 3587 820 3654 pompam
840 3566 1009 3650 publicam,
1033 3588 1108 3656 cap-

161 3662 255 3734 toque
270 3650 425 3715 insultare.
