2590 4194
199 335 261 398 128
507 353 626 396 aaasrn
649 353 841 408 ecunacum.

237 485 298 554 Ne.
322 491 451 556 Proinde
465 494 580 556 videtur
593 495 752 558 admodum
766 495 921 578 impudens
943 517 1043 560 comm
1065 496 1163 580 queri·

195 574 293 638 monia
321 577 371 660 qui
398 590 530 638 naturam
558 592 698 640 accusant
726 578 804 662 qudd
832 579 958 641 hominis
983 581 1072 642 vitam
1100 594 1162 642 tam
1233 653 1239 662 ‚

196 659 322 756 angustis
336 660 433 742 spatiis
455 661 568 738 finierit,
602 662 670 723 cirm
693 659 754 745 ipsi
769 683 808 722 ex
832 659 869 723 eo
892 664 971 745 quod
996 663 1095 724 datum
1116 675 1162 724 est

196 741 250 804 aibr
263 756 367 825 sponte
380 756 492 804 tantum
507 759 665 827 amputent
712 742 790 806 Satis
803 745 888 826 longa
907 759 951 806 est
972 746 1078 829 cuique
1092 746 1161 820 vita,

195 825 220 886 si
243 823 332 907 parce
354 825 545 908 dispensetur,
560 849 616 890 nec
638 829 791 906 mediocris
814 827 961 910 profectus
984 843 1039 904 est,
1054 830 1077 890 si
1098 829 1161 910 quis

194 927 248 968 suo
263 928 386 990 quaque
402 923 534 992 tempore
556 924 645 993 gerat.
691 911 721 972 A
739 911 860 993 prandio
883 911 933 972 vix
956 911 1161 973 semihomines

193 1009 305 1066 sumus,
320 991 389 1052 edm
402 1013 508 1075 corpus
526 995 597 1056 cibis
619 1009 755 1056 onustum
778 1007 914 1076 aggravat
935 1009 1082 1056 mentem:
1105 1015 1162 1055 nee

194 1085 287 1134 murm
302 1088 346 1136 est
359 1075 474 1158 spiritus
489 1077 525 1160 ab
536 1077 654 1138 officina
663 1077 816 1152 stomachi,
826 1077 1022 1138 concoctionis
1033 1077 1161 1139 officium

193 1171 375 1238 peragentes,
398 1160 435 1220 ad
460 1159 608 1242 superiora
630 1181 766 1236 evocare,
790 1181 807 1220 a
832 1159 920 1221 coenai
940 1160 1033 1221 multd
1055 1161 1160 1222 minias.

193 1238 237 1302 At
249 1240 394 1302 matutinis
408 1242 495 1317 horis,
511 1243 597 1302 horno
608 1257 681 1304 totus
696 1257 741 1303 cst
755 1243 855 1316 homo,
867 1243 936 1302 dum
951 1241 1048 1302 habile
1064 1257 1108 1304 est
1122 1243 1162 1304 ad

192 1342 281 1382 omne
303 1323 491 1384 ministerium
516 1344 631 1404 eorpus,
647 1326 716 1384 dum
742 1325 838 1384 alacer
852 1323 929 1405 viget
949 1323 1072 1404 animus,
1087 1325 1159 1384 dum

190 1403 289 1465 omnia
302 1405 408 1466 mentis
422 1425 529 1486 organa
543 1406 692 1487 tranquilla
717 1419 784 1468 sunt
806 1426 840 1466 ac
861 1425 972 1479 serena,
988 1405 1059 1466 dum
1081 1426 1158 1467 aurae
1220 1464 1222 1468 .

190 1485 306 1563 divina,
320 1500 354 1549 ut
376 1487 415 1549 ait
437 1488 494 1563 ille,
511 1487 651 1571 particula
664 1489 763 1570 spirat,
778 1501 809 1550 et
822 1487 896 1570 sapit
910 1487 1049 1569 originem
1063 1509 1159 1566 suam,

192 1581 222 1631 et
236 1570 345 1714 rapitur
359 1571 396 1632 ad
410 1571 541 1632 honesta.

234 1651 266 1716 P
288 1701 295 1716 .
319 1651 478 1737 Eleganter
492 1666 524 1716 tu
539 1653 658 1736 quidem
672 1653 860 1716 concionaris.

234 1735 297 1799 Nc.
313 1737 406 1820 Apud
417 1735 582 1799 Homerum
594 1737 675 1799 audit
683 1738 897 1820 Agamemnon,
905 1738 1016 1820 opinor,
1039 1735 1159 1799 “Haud

192 1819 279 1882 decet
293 1820 322 1881 in
337 1834 428 1883 totam
442 1819 609 1882 consultum
623 1833 744 1882 stertere
759 1833 877 1882 noctem
886 1820 916 1898 ;’'
929 1821 1037 1903 quantd
1047 1821 1158 1904 turpius

192 1915 237 1964 est
251 1915 360 1964 tantam
374 1903 432 1964 dici
446 1915 558 1984 partem
572 1922 677 1964 somno
690 1903 837 1984 perdere?

232 1983 292 2045 Ph.
317 1983 432 2045 Verum
446 1984 500 2044 sed
513 1986 666 2059 consult03
687 2006 744 2066 ego
758 2006 817 2045 non
831 2007 897 2046 sum
912 1985 973 2046 dux
988 1985 1141 2048 exercitiis.

232 2065 294 2128 Ne.
320 2065 353 2128 Si
398 2065 448 2127 uid
473 2066 552 2128 alind
566 2067 661 2128 carius
682 2081 727 2128 est
748 2066 837 2149 quim
859 2068 923 2150 ipse
948 2069 1010 2143 tibi,
1025 2089 1063 2130 ne
1087 2069 1156 2152 quid

190 2161 348 2212 temovcat
390 2149 638 2212 omerisententia.
675 2148 774 2212 Faber
783 2151 896 2212 aerarius
904 2152 942 2212 ob
951 2152 1008 2212 vile
1018 2151 1156 2213 lucellum

189 2233 280 2316 surgit
293 2247 359 2296 ante
373 2233 488 2309 lucem;
510 2245 540 2294 et
562 2253 614 2295 nos
637 2254 719 2296 amor
740 2233 885 2316 sapientie
908 2255 965 2295 non
988 2247 1084 2316 potest
1097 2255 1156 2296 ex·

190 2315 389 2401 pergefacere,
417 2331 450 2380 ut
477 2317 578 2380 saltem
608 2318 700 2379 solem
736 2318 773 2379 ad
809 2317 923 2378 lucrum
957 2317 1155 2380 inestimabile

190 2414 366 2465 evocantem
381 2400 553 2464 audiamus?
596 2400 707 2464 Medici
722 2423 780 2462 non
796 2399 858 2462 lere
873 2401 943 2462 dant
966 2400 1156 2481 pharmacum

190 2483 247 2548 nisi
259 2485 405 2563 dilucul03
419 2485 459 2546 illi
469 2485 574 2548 nbrunt
584 2485 669 2546 horas
680 2505 792 2558 aureas,
803 2498 835 2544 ut
845 2483 1016 2544 subveniant
1026 2483 1154 2564 corpori:

190 2587 243 2629 nos
258 2588 307 2629 eas
321 2588 380 2628 non
395 2569 538 2643 novimus,
550 2581 582 2628 ut
593 2568 658 2629 locu
680 2568 802 2628 letemus
814 2587 848 2628 ae
859 2587 994 2627 sanemus
1009 2566 1155 2627 animum?

160 2655 163 2661 '
191 2647 283 2719 Quod
298 2649 322 2709 si
336 2649 399 2709 haec
413 2649 479 2710 leve
495 2651 609 2730 pondus
624 2651 661 2709 ha
700 2663 730 2709 nt
745 2649 822 2728 apud
838 2661 878 2720 te,
894 2648 961 2707 audi
986 2649 1055 2728 quid
1078 2648 1157 2729 apud

190 2729 381 2790 Solomonem
392 2730 525 2808 loquatur
538 2730 586 2788 illa
600 2730 727 2790 eoelestis
738 2729 896 2808 sapientia.¹
937 2728 1000 2810 Qui
1009 2731 1103 2804 marri,
1114 2731 1157 2791 in-

190 2810 261 2892 quit,
270 2807 460 2892 vigilaverint
474 2809 515 2870 cd
522 2831 575 2885 mc,
585 2809 733 2870 invenient
743 2830 793 2869 aaa.
816 2807 883 2868 Jam
894 2809 922 2868 in
938 2809 1066 2888 mysticis
1081 2814 1157 2890 psal-

188 2891 243 2954 mis
272 2891 881 2974 uantamatutinitemporiscommendatio?
911 2889 1156 2973 Mandpropltetu

189 2913 302 3038 ontulit
323 2973 434 3036 domiai
454 2973 699 3049 misericordium
721 2974 804 3036 maai
820 2973 977 3034 exauditur
996 2995 1051 3034 voe
1074 2973 1155 3058 ejar3

189 3058 273 3120 mant
301 3055 384 3120 illius
413 3057 579 3140 deprecatio
605 3056 752 3140 prevenit
780 3055 936 3119 dominura
1000 3055 1051 3125 ,Et
1078 3058 1156 3139 apud

180 3139 306 3203 Lucam
323 3141 530 3223 evangelistam
553 3141 677 3223 populus
692 3141 842 3202 sanitatem
861 3159 896 3201 ac
919 3139 1078 3201 doctrinam
1103 3161 1157 3200 ex·

190 3237 326 3370 palense
347 3224 475 3301 domino,
490 3223 577 3284 mane
592 3224 629 3284 ad
643 3223 725 3285 illurn
740 3223 867 3285 confluit.
914 3221 997 3296 Quid
1019 3223 1156 3305 suspiras,

219 3307 259 3369 hil
300 3309 360 3369 ne?
1027 3325 1030 3332 ’
1114 3339 1118 3352 ·

231 3327 300 3452 Pil.)
318 3389 380 3452 Vix
393 3389 537 3472 lacrymas
551 3403 647 3468 teneo,
661 3391 729 3452 edm
744 3390 820 3452 subit
834 3402 971 3472 quantam
986 3388 1052 3450 vite
1062 3387 1157 3472 jactu·

189 3471 391 3536 ramfccerim.

231 3549 290 3618 Ne.
322 3554 580 3640 supervacaneum
609 3569 655 3618 est
682 3557 720 3618 ob
747 3577 786 3618 ea
814 3553 978 3619 discruciari
1007 3575 1070 3638 quae
1098 3575 1156 3616 non
