2570 4180
639 374 687 446 76

640 559 690 618 34.

480 679 592 736 Aulus
622 681 672 736 ET
703 681 839 738 RUBUS.
886 726 888 728 -

225 792 324 858 Abies
344 793 456 856 rubum
479 793 655 875 despiciens
668 794 698 858 ei
719 794 936 875 exprobrabat,
956 793 1039 875 qudd
1061 795 1142 858 nulli

181 886 266 974 esset
278 877 358 955 usui,
372 877 525 960 cumipse
539 877 631 942 tectis
649 888 682 942 et
695 877 838 941 domibus
852 878 1030 949 extruendis
1044 878 1142 942 inser-

182 969 286 1108 ”rdli
299 1042 365 1121 rue,
378 1044 448 1108 ursi
462 1044 530 1122 nsi,
544 1045 576 1108 o
593 1043 757 1122 misenus
781 1045 930 1110 memorre
953 1044 1143 1108 excidissent

182 1129 300 1192 securis
313 1137 348 1191 et
362 1149 456 1206 serre,
471 1150 541 1210 quse
561 1139 592 1194 te
607 1129 814 1205 exsciderunt,
827 1127 936 1192 malles
955 1130 1029 1192 sene
1045 1128 1142 1190 rubus

65 1210 70 1220 ’
182 1231 253 1316 esse
266 1212 360 1296 qulrrn
373 1212 470 1276 abies.

633 1361 685 1419 35.

392 1478 643 1534 LIGNATORES
673 1479 723 1532 ΕΤ
742 1479 934 1541 QUEROUS.

73 1643 76 1650 .
225 1585 305 1652 Cdrn
319 1584 396 1653 sorte
411 1585 579 1670 lignatores
594 1607 744 1668 quercum
763 1586 962 1651 diffinderent
975 1585 1083 1650 cuneis
1101 1607 1141 1650 ex

183 1670 223 1736 ed
235 1669 336 1750 suetis,
350 1670 411 1734 illis
424 1671 572 1736 dicebat:
593 1672 667 1736 Non
680 1693 730 1736 me
745 1681 809 1734 tem
821 1671 902 1734 male
917 1670 1043 1748 hebet*
1057 1671 1141 1752 qudd

183 1755 301 1820 securis
315 1755 429 1818 ictibus
451 1754 536 1818 humi
555 1766 709 1837 prostrate
718 1755 853 1841 jaceam,
867 1755 960 1838 quem
979 1755 1063 1838 qudd
1084 1776 1140 1818 cu·

183 1839 252 1904 neis
266 1839 332 1902 istis
346 1837 477 1924 lacerari
490 1837 566 1902 mihi
580 1837 723 1924 contigit.
889 1861 892 1866 ’

635 2001 688 2062 36.

474 2114 608 2171 Multus
638 2115 689 2170 ΕΤ
719 2113 848 2171 FELES.

224 2215 368 2284 Muribus
381 2215 501 2280 bellum
514 2225 582 2280 eret
605 2217 751 2280 adversus
774 2216 863 2282 feles.
907 2217 1062 2301 Perpetud
1083 2240 1138 2282 au-

182 2313 248 2368 tern
260 2301 336 2366 victi
356 2321 459 2366 mures
478 2302 512 2365 in
533 2321 604 2365 earn
625 2301 714 2364 ibant
734 2302 930 2379 sententiam,
945 2323 978 2365 se
994 2302 1138 2366 eselibus

182 2388 253 2452 ided
268 2397 428 2470 superatos
442 2407 520 2464 esse,
535 2386 620 2466 qudd
633 2385 747 2450 nullius
761 2396 943 2469 regerentur
955 2387 1097 2469 imperio.

225 2471 391 2538 Communi
420 2471 526 2552 itaque
558 2491 712 2534 consensu
733 2469 831 2534 duces
852 2469 910 2532 sibi
932 2469 1137 2554 delegerunt3

181 2557 247 2638 qui,
264 2563 300 2619 ut
313 2556 545 2636 conspectiores
559 2555 668 2618 fierent
688 2554 821 2630 caeteris‚
835 2573 954 2617 cornua
967 2554 1026 2617 sibi
1041 2553 1136 2636 adep

181 2639 296 2702 terunt.
340 2639 414 2701 Non
434 2638 532 2702 multe
554 2649 659 2702 eutem
673 2638 743 2718 pdst
764 2657 870 2718 pugne
891 2637 1136 2709 commissees't:

180 2741 284 2784 mures
312 2721 425 2783 iterum
444 2720 519 2783 vieti
540 2721 684 2797 cessere3
706 2729 739 2781 et
760 2719 834 2800 fuge
854 2717 967 2798 dilapsi
988 2719 1080 2782 facile
1103 2721 1136 2782 in

71 2836 74 2844 ‹
181 2801 317 2866 latebras
332 2823 365 2866 se
383 2813 579 2883 receperunt.
623 2803 667 2864 At
690 2801 822 2862 ducibus
844 2800 964 2861 obstitit
984 2819 1136 2864 cornuum

180 2885 384 2972 magnitudo:
405 2885 490 2968 capti
505 2885 610 2968 itaque
624 2883 734 2950 misere
749 2881 968 2944 dilacerantur.

634 3028 685 3086 37.

583 3137 730 3204 LUPUS.†

221 3241 339 3324 Lupus,
354 3241 426 3304 edm
438 3239 558 3304 videret
572 3260 605 3303 se
620 3239 754 3323 fluminis
777 3239 939 3320 imperium
952 3249 1070 3318 tenere,
1084 3262 1133 3304 su-

180 3325 289 3414 perbit
302 3325 402 3388 elatus
415 3323 448 3386 in
468 3343 553 3386 mere
568 3323 725 3387 enatavit:
747 3325 803 3387 sed
824 3323 868 3386 ibi
889 3324 1011 3388 territus
1025 3345 1134 3407 espec·

179 3423 215 3477 tu
242 3407 382 3495 delphini
409 3407 491 3494 regis
511 3407 632 3483 marini,
653 3407 797 3472 celeriter
828 3408 860 3470 in
892 3427 982 3471 suum
1011 3429 1134 3471 ernnern

179 3495 282 3560 rediit.

180 3680 194 3745 ‚⁹
204 3678 261 3727 Non
271 3693 309 3728 me
320 3686 373 3727 tam
382 3676 450 3728 nratd
459 3677 530 3728 latet
536 3691 547 3734 ;
562 3675 575 3726 1
587 3691 628 3726 em
638 3683 682 3726 not
693 3693 721 3725 so
731 3676 808 3725 mueh
816 3675 933 3725 afflieted.
977 3679 986 3727 l
999 3675 1055 3724 The
1066 3674 1124 3739 pilre
