2570 4180
680 312 739 405 aa

676 520 727 575 43.

270 615 361 680 Tunc
387 617 494 680 fratres
515 616 640 697 Josephi
663 616 818 678 tinxerunt
839 624 943 696 togam
965 613 1032 696 ejus
1053 612 1086 674 in
1108 633 1183 675 san-

228 699 323 780 guine
337 700 429 775 hredi,
444 721 535 780 quem
550 700 740 775 occiderant,
765 710 797 761 et
818 697 965 758 miserunt
975 718 1045 758 eam
1060 696 1101 758 ad
1123 716 1182 777 pa-

228 792 304 847 trem
319 804 391 844 curn
404 783 451 844 his
473 783 591 845 verbis:
613 781 784 844 invenimus
804 782 884 843 hanc
900 789 1023 862 togarn3
1044 779 1115 842 vide
1138 800 1180 840 an

227 873 301 944 toga
315 865 369 926 filii
385 865 429 927 tui
444 865 493 927 sit.
589 880 592 887 '

269 947 374 1014 Quam
404 968 499 1028 quum
531 947 715 1030 agnovisset,
748 958 836 1029 pater
866 945 1070 1009 exclamavit:
1103 955 1181 1028 toga

227 1028 281 1089 filii
300 1031 360 1092 mei
375 1042 443 1093 est:
465 1031 530 1093 fera
553 1031 685 1112 pessima
705 1031 863 1092 devoravit
888 1029 1067 1111 Josephum.
1112 1029 1180 1091 De-

226 1110 297 1174 inde
312 1113 404 1175 scidit
417 1125 543 1189 vestem,
557 1124 590 1176 et
604 1113 704 1175 induit
717 1114 866 1175 cilicium.

269 1195 386 1258 Omnes
401 1195 489 1259 liberi
504 1197 570 1279 ejus
594 1206 806 1258 convenerunt
827 1206 862 1258 ut
883 1193 1015 1256 lenirent
1035 1194 1179 1256 dolorem

224 1278 319 1360 patris
331 1302 340 1357 3
368 1280 424 1341 sed
451 1279 588 1341 lacobus
612 1278 713 1340 noluit
737 1279 880 1359 accipere
905 1277 1179 1352 consolationem

144 1398 165 1442 5
223 1361 379 1439 dixitque:
406 1381 468 1442 ego
495 1361 684 1423 descendam
706 1382 838 1424 moerens
867 1381 940 1423 cum
961 1360 1026 1422 filie
1046 1380 1120 1422 meo
1145 1359 1179 1421 in

224 1442 410 1524 sepulcrum.

676 1533 739 1589 44.Ἰ

198 1647 206 1680 t
264 1626 411 1709 Putiphar
426 1627 590 1710 AEgyptius
604 1627 681 1690 emit
695 1627 864 1709 Josephum
879 1649 897 1690 a
910 1625 1148 1690 mercatoribus.

264 1709 350 1772 Deus
374 1721 478 1773 autem
501 1710 575 1772 favit
599 1709 760 1792 Putiphari
785 1711 879 1772 causei
899 1709 1027 1791 Josephi
1039 1731 1048 1788 ς
1070 1709 1178 1772 omnia

221 1792 251 1853 ei
266 1794 409 1871 prospere
425 1793 648 1854 succedebant.

191 1924 194 1931 .
262 1873 475 1940 Quamobrem
490 1874 644 1953 Josephus
666 1876 802 1958 benigne
822 1876 947 1939 habitus
962 1885 1010 1938 est
1024 1875 1065 1937 ab
1087 1874 1176 1951 hero,

220 1953 272 2033 qui
288 1953 428 2033 praefecit
441 1974 513 2015 eum
527 1955 633 2016 domui
649 1978 724 2018 suae.

146 2107 148 2110 ⁸
260 2034 413 2115 Josephus
437 2055 513 2116 ergo
541 2037 777 2102 administrabat
798 2061 862 2102 rem
885 2041 1067 2103 familiarem
1089 2040 1177 2102 Puti-

172 2168 175 2181 r
219 2116 341 2197 pharis-z
370 2116 474 2178 omnia
501 2118 619 2181 fiebant
647 2122 688 2182 ad
712 2133 822 2184 nutum
843 2123 920 2204 ejus,
940 2144 1001 2185 nec
1023 2123 1176 2205 Putiphar

184 2226 185 2232 ¹
218 2198 309 2259 ullius
323 2199 437 2280 negotii
453 2219 560 2262 curam
574 2203 716 2281 gerebat.

664 2309 717 2364 45.

258 2397 412 2478 Josephus
436 2407 503 2458 erat
525 2397 639 2480 insigni
662 2410 694 2461 et
716 2400 846 2480 pulchrd
866 2401 967 2463 facie:
989 2422 1066 2466 uxor
1087 2404 1177 2467 Puti-

216 2477 318 2554 pharis
332 2499 404 2538 eum
418 2478 601 2557 pelliciebat
615 2481 656 2541 ad
671 2481 832 2562 flagitium.

256 2555 408 2632 Josephus
423 2568 528 2616 autern
542 2561 672 2621 nolebat
686 2564 825 2623 assentiri
840 2564 989 2643 improbae
1004 2569 1141 2632 mulieri.

256 2634 403 2698 Quadam
424 2635 475 2692 die
497 2636 610 2698 mulier
632 2642 837 2715 apprehendit
858 2665 943 2702 oram
965 2648 1053 2721 pallii
1083 2652 1176 2730 ejus3

213 2727 246 2775 at
259 2711 411 2790 Josephus
425 2711 551 2789 reliquit
565 2716 694 2792 pallium
708 2717 740 2775 in
754 2721 898 2778 manibus
911 2722 986 2799 ejus,
1001 2733 1034 2782 et
1050 2727 1142 2806 sugit.

255 2792 369 2853 Mulier
390 2791 466 2851 irata
488 2792 668 2853 inclamavit
690 2815 803 2869 servos
827 2807 860 2857 et
881 2798 1052 2879 Josephum
1075 2827 1176 2872 accu-

212 2873 289 2934 savit
303 2872 385 2950 apud
399 2871 507 2943 virum,
527 2872 581 2951 qui
604 2873 731 2934 nimidm
756 2877 900 2938 credulus
923 2882 1061 2965 conjecit
1081 2889 1174 2957 Jose-

211 2953 306 3029 phum
321 2951 352 3011 in
366 2971 536 3012 carcerem.

232 3123 348 3217 'Erant
361 3125 392 3184 in
407 3126 522 3186 eodem
544 3149 672 3191 carcere
693 3134 758 3196 duo
770 3138 900 3204 ministri
924 3147 1007 3228 regis
1032 3149 1171 3220 Pharao-

209 3226 256 3266 ms
268 3228 277 3281 3
298 3204 375 3296 alter
389 3217 524 3297 praeerat
538 3209 706 3293 pincerniS,
722 3216 800 3279 alter
814 3223 989 3300 pistoribus.

250 3287 378 3363 Utnque
393 3285 522 3346 obvemt
536 3289 682 3353 divinitus
694 3300 846 3364 somnium
861 3307 971 3371 eidem
985 3327 1092 3379 nocte.
1126 3327 1131 3332 “

251 3366 301 3424 Ad
315 3385 392 3442 quos
406 3386 503 3443 quum
519 3371 654 3450 venisset
677 3376 830 3460 Josephus
850 3392 951 3466 mane,
973 3406 1006 3456 et
1027 3399 1170 3464 animad-

207 3454 579 3586 bigllisteibecodriddslmoes
594 3455 695 3533 sohte,
710 3471 910 3579 interrogavit
924 3494 1069 3553 quaenam
1083 3489 1169 3550 es'set
