2590 4194
184 367 248 431 136
497 382 616 426 neusin
639 383 832 436 connoenn.

226 519 276 583 Gt.
301 521 398 608 Hujus
410 545 477 588 usus
492 527 613 589 consilio
627 527 699 590 duxi
713 543 848 589 uxorem.

221 603 280 668 Po.
304 606 435 670 Pulchre
451 611 599 672 dotatam?

226 688 278 751 Gt.
301 691 381 754 Dote
403 687 560 769 mediocri}
591 715 624 756 ac
640 693 740 776 plane,
758 693 846 777 juxta
869 692 1066 774 proverbium,
1081 711 1145 772 quae

179 787 242 835 erat
255 795 307 855 pro
321 776 389 837 mee
404 792 497 852 sorte3
520 799 587 838 nam
611 792 641 839 et
664 779 733 840 milri
748 798 795 838 res
809 791 871 838 eret
891 775 1054 838 mediocris.
1100 773 1145 834 Ea

178 875 225 916 res
240 857 308 918 mihi
324 859 410 940 plane
425 861 511 922 cessit
525 883 564 922 ex
580 862 667 923 animi
682 859 832 924 sententia.

220 939 280 1001 Po.
305 941 389 1013 Quot
404 965 494 1006 annos
509 959 570 1006 tum
587 967 651 1006 eres
666 946 770 1008 natus?

226 1023 275 1085 Gt.
300 1023 408 1108 Viginti
424 1027 517 1090 ferme
533 1029 616 1090 duos.

220 1107 280 1170 Po.
305 1109 379 1172 Ote
396 1111 531 1174 felicem!

225 1190 274 1253 Gl.
301 1193 369 1255 Non
385 1210 478 1257 totum
493 1197 549 1258 hoc
564 1195 682 1258 fortunae
698 1197 803 1273 debeo,
819 1219 856 1258 ne
873 1197 941 1280 quid
957 1218 1046 1258 erres

221 1275 279 1339 Po.
303 1277 369 1350 Qut
383 1280 444 1340 sic?
940 1281 950 1305 '

225 1358 275 1420 Gt.
298 1361 425 1440 Dicarn;
440 1363 487 1423 alii
502 1363 580 1444 prius
592 1362 712 1442 diligunt
726 1362 813 1444 quem
822 1362 956 1444 deligant,
969 1383 1025 1444 ego
1034 1361 1147 1445 judicio

177 1443 272 1524 delegi
283 1443 370 1526 quern
387 1445 534 1527 diligerem
547 1468 555 1524 3
578 1458 608 1507 et
622 1459 720 1506 tamen
731 1447 806 1507 hanc
828 1444 919 1528 magis
934 1447 1005 1506 duxi
1027 1446 1063 1506 ad
1078 1466 1147 1527 pos-

176 1526 320 1590 teritatem
336 1528 423 1611 qulun
443 1529 480 1590 ad
503 1530 689 1612 voluptatem.
735 1528 814 1590 Cum
835 1529 872 1590 eft
896 1530 955 1590 vixi
978 1527 1146 1590 suavissim'e

178 1631 269 1673 annos
283 1633 341 1674 non
356 1613 452 1694 plures
467 1629 542 1674 octo.

221 1695 281 1758 Po.
304 1695 437 1780 Reliquit
450 1696 574 1758 orbum?

226 1777 277 1841 Gl.
299 1778 375 1856 Imd,
395 1793 527 1863 superest
549 1779 688 1864 quadriga
711 1781 887 1859 liberorum3
915 1779 964 1841 filii
989 1778 1058 1856 duo,
1083 1779 1146 1842 filiae

178 1862 313 1928 totidem.
446 1863 448 1868 ’

220 1946 281 2010 Ρο.
304 1946 477 2008 Privatusne
494 1947 564 2008 vivis
580 1968 616 2008 nn
631 1948 796 2030 magistratu
811 1947 957 2030 fungeris?

203 2027 276 2091 el.
299 2028 365 2091 Est*
382 2029 452 2092 milri
478 2051 583 2092 munus
607 2032 766 2112 publicum.
815 2031 956 2093 Poterant
981 2030 1146 2114 contingere

177 2113 297 2198 majora,
312 2112 416 2174 verum
430 2113 487 2174 hoc
501 2112 572 2174 milri
595 2113 701 2196 delegi,
716 2113 796 2198 quod
814 2128 927 2177 tanturn
950 2115 1072 2178 heberet
1085 2115 1148 2197 dig·

177 2197 281 2274 nitatis,
303 2210 337 2259 ut
351 2218 406 2259 me
428 2197 589 2259 vindicaret
619 2213 841 2282 comtemptu,
863 2199 1002 2261 ceterum
1027 2197 1146 2260 minirne

177 2282 308 2347 molestis
329 2281 450 2366 negotiis
465 2281 633 2344 obnoxium.
679 2282 726 2346 lte
745 2305 802 2347 nec
825 2297 869 2346 est
895 2282 974 2366 quod
994 2282 1146 2366 quisquam

177 2367 295 2454 objiciat
316 2387 365 2428 me
388 2365 459 2428 mihi
473 2365 589 2443 ¹vivere,
604 2381 635 2430 et
648 2381 693 2432 est
713 2369 791 2432 unde
805 2387 1014 2451 nonnunquam
1031 2380 1061 2428 et
1075 2367 1148 2428 ami·

178 2454 221 2516 cis
250 2453 320 2516 dem
349 2473 479 2536 operam.
538 2449 607 2513 Hoc
631 2466 785 2515 contentus
809 2453 877 2514 nihil
902 2472 1033 2534 unquam
1055 2447 1148 2532 magis

178 2537 284 2600 ambit:
306 2537 408 2599 verum
431 2535 473 2598 sic
496 2535 571 2618 gessi
588 2536 796 2618 magistratum,
811 2551 843 2599 ut
856 2535 894 2598 illi
908 2556 947 2598 ex
962 2555 1010 2596 me
1026 2533 1147 2616 dignitas

178 2619 347 2681 accreverit.
403 2619 471 2680 Hoc
497 2640 554 2700 ego
576 2620 723 2700 pulchrius
746 2621 822 2682 duco
845 2619 933 2702 quiem
957 2639 996 2680 ex
1019 2617 1148 2680 muneris

177 2702 331 2782 splendore
346 2699 513 2780 dignitatem
533 2701 635 2761 mutuo
650 2723 776 2762 sumere.

219 2781 284 2844 Eu.
307 2781 391 2843 Nihil
406 2781 513 2841 verius.

224 2863 276 2926 Gt.
301 2863 351 2926 Sic
366 2863 442 2926 inter
457 2863 536 2926 cives
551 2885 633 2927 meos
646 2866 797 2941 consenui,
811 2887 896 2927 cerus
909 2865 1052 2928 omnibus.

218 2948 281 3014 Eu.
303 2947 402 3011 Isthuc
414 2947 487 3012 uerti
498 2948 697 3011 difficillimum
708 2950 840 3026 est‚ci1m
851 2971 909 3012 non
925 2950 974 3011 abs
989 2971 1021 3011 re
1036 2949 1146 3012 dictum

177 3035 223 3112 sit,
239 3033 287 3119 qui
306 3033 454 3096 neminem
469 3033 559 3096 habet
571 3033 731 3109 inimicum,
744 3056 813 3097 eurn
827 3056 882 3097 nec
897 3033 1023 3096 amicum
1038 3033 1146 3096 habere

179 3141 255 3204 quen
277 3140 364 3194 uam;
387 3130 418 3179 et
433 3116 573 3179 felicitatis
587 3139 705 3200 semper
719 3119 855 3180 invidiam
871 3140 936 3179 esse
950 3118 1099 3179 comitem.

226 3141 278 3265 Gf.
300 3202 446 3284 Insignem
468 3199 634 3264 felicitatem
649 3202 780 3264 comitari
802 3203 875 3264 solet
889 3201 1005 3263 invidia.
1050 3201 1146 3263 Medi-

178 3288 283 3350 ocritas
305 3299 367 3347 tuta
388 3299 449 3361 est;
478 3299 509 3347 et
529 3286 586 3346 hoc
601 3285 670 3346 milri
695 3299 868 3368 perpetuum
892 3285 1018 3347 studium
1033 3284 1094 3361 fnit,
1110 3307 1146 3347 ne

179 3372 249 3454 quid
271 3369 330 3432 mei
353 3370 501 3430 commodi
523 3391 563 3430 ex
586 3370 706 3430 aliorum
722 3369 912 3430 incommodis
936 3391 1145 3452 compararem.

179 3455 261 3518 Illam
285 3475 373 3538 quam
400 3449 496 3514 Graeci
518 3467 626 3514 vocant
651 3453 788 3536 apraxian
812 3453 950 3536 quantum
976 3453 1056 3515 licuit
1086 3475 1147 3513 em·

180 3539 286 3618 plexus
320 3553 393 3598 sum.
453 3535 547 3598 Nullis
573 3537 693 3619 negotiis
720 3537 825 3620 ingessi
853 3551 974 3614 memet,
999 3537 1051 3599 sed
1075 3557 1148 3619 pre.-

179 3619 266 3699 cipue
277 3621 406 3682 continui
421 3641 470 3682 me
485 3621 522 3682 ab
536 3620 590 3696 his,
603 3643 666 3704 quae
677 3622 738 3684 sine
749 3620 863 3685 offensa
873 3623 1028 3684 multorum
1042 3620 1149 3702 suscipi

180 3721 239 3762 non
255 3715 393 3779 poterant.
442 3703 547 3786 Itaque
562 3704 585 3764 si
596 3703 741 3786 juvandus
756 3707 809 3770 erit
820 3707 940 3782 amicus,
951 3706 993 3768 sic
1008 3705 1047 3768 illi
1058 3705 1148 3767 bene·

181 3779 256 3842 facio
271 3793 301 3841 ut
315 3780 370 3841 hae
385 3783 423 3844 de
438 3786 530 3924 cppgd
543 3787 655 3849 nullum
667 3787 738 3848 mihi
752 3809 852 3870 parem
863 3791 1022 3854 inimicum.
1042 3849 1051 3856 ,
1069 3787 1147 3854 Etsi
