2590 4194
470 355 595 426 1111111,
609 355 801 408 conuoourr.

196 503 240 568 Α.
264 504 328 568 Cur
342 525 433 566 unum
448 504 505 570 boc
519 502 676 568 reticuisti?

194 587 234 650 P.
259 587 341 662 Quia
355 588 483 650 nondum
498 588 591 671 potuit
604 586 674 648 mihi
689 585 849 670 displicere.

148 717 150 722 ,
194 671 238 734 A.
262 672 389 755 Oportet
403 692 466 734 esse
481 685 636 755 peccatum
651 691 748 732 suave.

194 755 235 818 P.
260 755 309 818 Ao
332 768 488 838 peccatum
510 755 546 817 sit
568 754 677 831 nescio,
699 755 752 816 sed
777 767 886 830 tamen,
909 753 933 815 si
958 767 1051 831 vacat,
1065 774 1116 816 au-

153 840 226 902 dies.
798 875 801 882 ,

196 921 240 986 A.
264 923 395 988 Audiam
410 925 547 1007 equidem
561 922 675 986 lubens.

196 1007 236 1070 P.
261 1007 325 1070 Scis
341 1023 448 1090 quanta
476 1007 513 1070 sit
526 1007 685 1090 impostura
710 1004 789 1087 apud
810 1018 933 1083 nostroe,
948 1005 977 1068 in
998 1005 1043 1067 bis
1068 1005 1117 1089 qui

60 1101 71 1124 ¹
153 1091 285 1152 vendunt
299 1106 349 1154 aut
362 1093 457 1154 locant
473 1112 573 1174 equos.

195 1172 239 1236 A.
261 1173 336 1238 Plus
350 1175 411 1237 scio
426 1175 514 1258 quim
529 1173 644 1249 vellem,
659 1194 717 1236 uon
731 1171 824 1234 semel
836 1172 875 1240 ¹ab
889 1173 942 1234 illis
957 1173 1084 1234 delusus.

195 1257 235 1320 P.
259 1257 365 1340 Nuper
389 1259 489 1321 incidit
514 1258 585 1342 mihi
607 1258 671 1333 iter,
693 1257 762 1320 oirm
788 1253 856 1318 satis
877 1255 1034 1338 prolixum,
1056 1271 1118 1319 tum

152 1341 242 1403 etiam
256 1342 488 1404 accelerandum.
534 1343 623 1404 Adeo
638 1341 786 1424 quendam
801 1360 839 1400 ex
862 1339 927 1416 illis,
944 1362 1030 1423 quem
1053 1341 1120 1402 dix-

151 1425 223 1486 isses
248 1424 311 1509 ejus
340 1426 453 1509 generis
479 1423 597 1488 nrinirnb
623 1425 733 1486 malum
761 1436 791 1484 et
819 1423 1019 1486 intercedebat
1047 1424 1118 1486 mihi

152 1530 222 1570 oum
236 1509 355 1570 homine
369 1509 499 1572 nonnihil
525 1509 613 1570 etiam
638 1507 779 1570 amicitiae.
839 1506 935 1569 Narro
960 1508 1032 1569 mihi
1056 1529 1120 1570 rem

151 1612 219 1653 esse
233 1591 349 1668 seriam,
364 1613 438 1674 opus
453 1612 517 1654 esse
533 1604 708 1673 praestrenuo
732 1611 827 1672 equo;
849 1591 872 1652 si
894 1612 1023 1672 unquam
1047 1612 1121 1672 prae·

153 1674 264 1737 buisset
273 1694 306 1736 se
321 1674 390 1736 mihi
403 1675 514 1736 bonum
529 1674 633 1750 virum,
645 1695 724 1735 nuno
733 1686 890 1756 praestaret.
934 1673 989 1735 Ille
1001 1675 1121 1756 pollice-

154 1770 200 1820 tur
214 1777 279 1819 sese
294 1756 335 1820 sio
350 1776 468 1820 mecum
483 1771 624 1832 acturum,
640 1769 671 1818 ut
693 1771 793 1839 ageret
814 1777 883 1819 cum
904 1756 989 1820 fratre
1004 1778 1058 1820 sno
1072 1777 1121 1820 oa-

154 1839 278 1902 rissimo.
576 1889 578 1894 .

196 1921 241 1986 A.
259 1923 403 1988 Fortassis
414 1937 444 1986 et
451 1922 528 1986 fratri
541 1923 735 2007 impositurus.
798 1930 800 1936 ’

195 2007 236 2070 Ρ.
259 2007 376 2070 inducit
397 2008 429 2070 in
452 2007 597 2070 stabulum
612 2029 620 2083 ;
638 2007 724 2091 jubet
748 2016 781 2069 ut
805 2007 909 2092 eligam
924 2030 964 2070 ex
987 2011 1121 2074 omnibus

154 2090 236 2174 equis
262 2111 469 2176 quemcunque
494 2091 610 2154 vellem.
661 2089 800 2152 Tandem
822 2114 897 2157 unus
919 2093 985 2176 plus
1008 2095 1121 2157 ceteris

154 2173 306 2236 arridebat.
340 2174 393 2236 1111
404 2176 505 2258 probat
511 2173 653 2258 judicium
663 2195 775 2250 meum,
787 2175 919 2260 dejerans
929 2197 998 2238 eum
1011 2199 1120 2261 equum

154 2256 322 2339 frequenter
349 2279 368 2319 1
391 2259 489 2320 multis
517 2257 681 2338 expetitum
711 2279 793 2330 esse3
829 2280 861 2320 se
890 2280 959 2320 eum
984 2261 1120 2322 maluisse

155 2360 273 2402 servare
288 2341 384 2402 amieo
398 2339 550 2423 singulari5
560 2339 648 2422 quim
670 2340 774 2422 ignotis
789 2341 941 2402 addicere:
979 2343 1122 2404 Conven-

154 2436 217 2484 tum
232 2436 276 2484 est
291 2424 328 2484 de
343 2423 453 2506 pretio:
467 2436 635 2484 numeratur
649 2423 774 2505 pecunia
786 2445 910 2506 presens
922 2446 929 2499 ;
944 2427 1119 2488 conscendo.

87 2573 90 2577 Δ
154 2504 235 2568 Miris
255 2507 401 2568 alacritate
423 2506 564 2588 gestiebat
579 2528 671 2588 equus
693 2506 721 2566 in
741 2527 878 2588 egressu3
902 2507 1025 2569 dixisses
1046 2508 1122 2570 sero·

154 2589 256 2652 culum
277 2610 353 2666 esse,
374 2610 441 2650 nam
466 2603 527 2650 eret
548 2589 684 2651 obesulus
709 2601 739 2650 et
764 2590 936 2672 pulchellus.
981 2591 1040 2654 Ubi
1058 2592 1121 2676 jam

155 2671 332 2755 equitissem
347 2673 556 2756 sesquihoram,
571 2673 648 2734 sensi
669 2672 756 2756 plane
778 2674 896 2750 lassum,
910 2696 947 2738 ne
962 2677 1121 2738 calcaribus

156 2755 274 2838 quidem
288 2755 399 2839 impelli
409 2777 505 2839 posse.
550 2755 711 2818 Audieram
723 2757 796 2818 tales
810 2757 847 2818 ab
862 2758 916 2820 illis
931 2760 967 2821 ad
980 2761 1121 2843 impostu-

155 2859 217 2901 ram
233 2839 281 2917 ali,
297 2861 369 2924 quos
384 2861 401 2902 e
417 2840 514 2924 specie
534 2839 682 2924 judicares
704 2841 840 2922 insignes,
855 2843 995 2904 caeterum
1018 2845 1122 2906 laboris

155 2921 427 3005 impatientissimos.
486 2923 554 3005 Ego
582 2923 720 2985 continui)
748 2944 877 2999 mecum,
903 2941 1007 3006 captus
1035 2948 1122 3006 sum;

155 3026 221 3088 age,
236 3028 290 3089 par
304 3007 366 3088 pari
380 3005 516 3082 referam,
531 3005 580 3067 ubi
595 3005 709 3067 rediero
725 3007 854 3067 domum.
1022 3075 1023 3078 Ἴ

197 3087 242 3150 Α.
266 3087 348 3160 Quid
362 3087 410 3151 hio
425 3089 536 3151 consilii
550 3089 698 3170 capiebas,
713 3109 805 3172 eques
821 3090 930 3172 absque
947 3095 1044 3175 equo?

198 3169 240 3233 P.
263 3171 297 3233 Id
314 3171 391 3254 quod
405 3193 453 3234 res
467 3172 564 3233 dabat.
609 3171 732 3234 Deflexi
754 3173 782 3233 in
810 3173 975 3256 proximum
1003 3177 1122 3251 vioum;

156 3255 215 3318 illic
228 3253 306 3316 clim
328 3255 407 3337 apud
430 3255 576 3338 quendam
599 3256 671 3318 mihi
696 3269 797 3317 notum
822 3257 946 3338 deposui
968 3279 1076 3339 equum
1092 3275 1123 3322 et

155 3337 286 3401 conduxi
300 3337 443 3416 alterum3
464 3337 610 3420 profectus
624 3359 690 3399 sum
705 3339 763 3422 qud
785 3339 972 3416 destiniram,
986 3362 1121 3404 reversus

157 3444 233 3498 sum,
243 3421 335 3484 reddo
346 3421 556 3483 conductitium
568 3441 695 3504 equum3
710 3423 824 3504 reperio
835 3443 935 3482 meum
950 3424 1121 3505 sophistam,

156 3519 273 3583 uteret,
288 3505 411 3568 obesum
423 3518 453 3566 et
465 3503 588 3588 pulchre
604 3505 784 3586 requietum3
806 3525 843 3566 eo
858 3519 969 3582 vectus,
980 3507 1069 3570 redeo
1084 3510 1120 3571 ad

157 3591 363 3672 impostorem3
386 3609 456 3671 rogo
466 3601 499 3649 ut
513 3587 541 3648 in
553 3589 666 3652 stabulo
680 3611 734 3650 suo
749 3589 806 3649 alat
821 3587 883 3649 dies
898 3589 1017 3672 aliquot,
1029 3592 1122 3654 donec

157 3673 310 3756 repetiero.
371 3671 585 3734 Percunctatur
614 3672 700 3754 quim
729 3671 886 3734 commode
915 3695 963 3735 me
993 3675 1096 3758 gesse*

157 3753 225 3835 Ego
249 3756 328 3818 verti,
345 3756 443 3839 dejero
468 3777 522 3838 per
542 3755 639 3818 omnia
663 3776 753 3830 sacra,
769 3776 817 3816 me
840 3759 1038 3840 nunquamin
