2590 4194
640 339 686 408 86

556 514 778 570 EXEMPLUM.

97 670 110 692 .
231 604 304 667 Plirs
317 604 457 668 homines
471 604 581 680 oculis,
596 607 688 685 quam
703 604 827 666 auribus
841 603 992 665 eredunt:
1014 602 1143 685 longum

191 689 249 751 iter
263 698 311 750 est
325 710 380 770 per
394 698 573 782 praecepta3
595 689 706 750 effica'x
720 699 753 750 et
766 688 859 749 breve
875 707 930 767 per
944 685 1096 766 exempla.

232 771 353 840 Quales
373 782 444 832 sunt
458 769 479 831 ii
478 771 546 865 qui
566 782 711 852 praesunt,
732 770 810 832 tales
825 780 857 832 et
879 769 924 830 illi
947 768 1049 831 solent
1062 790 1141 846 esse,

190 854 243 935 qui
257 875 363 916 eorum
378 854 507 935 imperio
522 865 594 915 sunt
608 854 750 948 subjecti.

232 937 305 998 Non
321 937 386 998 fieri
401 946 513 1032 potest,
536 945 570 998 ut
593 937 646 1016 qui
671 936 772 998 talis
765 957 831 1017 ipse
853 957 916 998 non
937 944 994 1010 est,
1018 935 1141 1029 qualem

146 1095 149 1104 Ι
189 1041 257 1081 esse
272 1030 404 1114 oportet,
419 1020 444 1082 is
467 1019 543 1082 alios
568 1021 607 1082 ad
630 1020 795 1102 praeclaras
816 1029 848 1081 et
870 1017 1043 1080 laudabiles
1066 1018 1142 1079 acti·

189 1123 265 1165 ones
280 1103 434 1165 incitaret.

234 1186 365 1331 Sapiens
387 1207 425 1248 er
449 1186 580 1250 aliorum
602 1186 664 1248 vitri
688 1195 720 1248 et
741 1184 885 1266 exemplo
906 1183 998 1246 sumit
1019 1183 1141 1246 vivendi

190 1290 277 1332 consi
291 1291 353 1332 rum

233 1384 355 1463 Aliquis
383 1384 428 1446 vir
452 1385 551 1446 bonus
575 1383 665 1445 nobis
692 1379 855 1464 eligendus
883 1391 940 1456 est,
962 1400 1000 1442 ac
1022 1400 1143 1462 semper

112 1479 116 1485 ·
189 1475 262 1528 ante
287 1467 395 1530 oeulos
419 1467 590 1542 habendus,
607 1477 641 1529 ut
665 1465 709 1528 sic
736 1475 884 1546 tanquam
904 1427 959 1527 illo
980 1474 1141 1545 spectante

189 1549 351 1779 leitmagia
373 1655 444 1717 pars
463 1644 664 1718 peccatorum
686 1632 849 1708 tollitur,
826 1653 851 1694 sr
867 1628 1041 1715 peccaturis
1055 1630 1142 1693 testis

190 1717 415 1864 alimirilicem
447 1801 543 1878 illum,
566 1801 618 1880 qui
652 1821 715 1862 non
738 1800 904 1881 adspectus
927 1799 1055 1872 tannim,
1087 1798 1142 1860 sed

190 1883 284 1946 etiam
299 1885 454 1966 cogitatus
469 1885 633 1946 emendet!
665 1885 695 1946 Ο
718 1883 843 1946 felicem
864 1884 917 1964 qui
939 1884 984 1945 sic
1007 1880 1142 1961 aliquem

189 1967 287 2027 vereri
316 1977 428 2048 potest,
450 1977 485 2028 ut
507 1969 546 2028 ad
568 1967 746 2028 memoriam
769 1987 892 2048 quoque
914 1967 980 2050 ejus
1004 1987 1037 2028 se
1060 1986 1143 2027 com·

189 2059 285 2142 ponat
299 2060 331 2110 et
346 2049 486 2112 ordinet!
519 2050 628 2118 Qui
606 2072 650 2112 src
674 2051 810 2131 aliquem
823 2051 920 2112 vereri
943 2060 1056 2133 potest,
1078 2049 1141 2111 cito
1230 2125 1233 2130 Ι

189 2131 248 2193 erit
262 2133 423 2194 verendae.

233 2216 308 2276 Pars
322 2237 436 2300 magna
451 2217 597 2280 bonitatis
611 2229 668 2295 est,
683 2217 763 2280 velle
779 2217 846 2280 lieri
861 2219 989 2281 bonum.

503 2347 629 2402 NOSCE
648 2347 826 2403 TEIPSUM.

233 2433 269 2496 ln
284 2433 427 2497 omnibus
441 2434 512 2496 vitre
535 2433 683 2515 partibuS,
698 2433 778 2494 hanc
793 2433 979 2496 sententiam
993 2441 1142 2512 tanquam

189 2518 350 2580 oraculum
364 2517 502 2592 consule,
516 2517 614 2580 Nosce
636 2527 763 2612 teipsum.
818 2515 885 2578 Prae
908 2515 1025 2578 loribus
1046 2515 1142 2579 etiam

190 2600 298 2679 templi
314 2601 459 2694 Delphici
475 2601 575 2662 aureis
590 2600 685 2663 literis
699 2599 848 2680 'scriptum
863 2599 930 2662 fuit.

232 2683 346 2744 Melior
360 2705 403 2758 es,
419 2684 443 2744 si
459 2684 591 2778 teipsum
606 2703 789 2763 cognoscas,
811 2682 951 2761 quamsi,
968 2681 1141 2776 teneglec·

190 2775 232 2840 to,
247 2783 354 2826 cursus
369 2766 512 2840 siderum,
527 2767 610 2828 uires
627 2765 801 2838 herbarum,
815 2728 989 2824 coelestitim
1002 2764 1140 2825 omnium

189 2857 222 2910 et
243 2848 431 2911 terrestrium
455 2849 617 2911 scientiam
639 2847 779 2908 haberes.
823 2844 917 2906 Multi
938 2845 1022 2906 enim
1042 2845 1141 2907 multa

189 2930 301 3007 sciunt,
316 2941 349 2994 et
363 2933 480 3014 seipsos
493 2947 579 3026 neser
571 2932 646 2992 unt.

231 3015 354 3078 Frustra
368 3015 449 3098 sapit
463 3015 516 3096 qui
531 3037 593 3077 non
608 3013 667 3075 sibi
682 3013 782 3093 sapit·
804 3011 935 3074 aliorum
949 3008 1079 3073 scientia
1092 3019 1141 3074 est

189 3097 300 3173 inaniS,
316 3099 390 3159 dum
404 3099 544 3179 nosipsos
558 3097 745 3180 ignoramus
823 3117 825 3124 ⁴

232 3263 283 3328 Ne
310 3263 443 3346 teipsum
471 3262 691 3326 existimaveris
715 3261 846 3326 aliorum
873 3259 1063 3338 laudatione,
1086 3261 1141 3324 sed

190 3348 243 3412 tua
256 3348 369 3444 ipsius
365 3345 566 3410 conscientia.

233 3432 305 3496 Suis
319 3431 447 3516 quisque
462 3429 542 3493 vitiis
564 3429 728 3508 blanditur,
751 3451 850 3513 eaque
868 3428 995 3493 mutatis
1010 3427 1141 3492 nomini

190 3517 248 3579 bus
262 3525 418 3580 extenuat.

234 3599 300 3668 Qui
314 3620 348 3664 se
362 3620 432 3664 vere
443 3610 566 3677 norunt,
582 3619 703 3681 semper
717 3599 775 3664 sibi
789 3599 944 3665 diffidunt.
