2570 4180
590 385 635 457 17

120 621 122 625 -
166 559 360 639 Transittve
383 564 478 640 verbs
502 563 737 733 comgouaded
759 561 843 638 with
868 589 928 652 ln,
955 587 1061 653 narn,

605 687 639 735 c.

356 857 447 919 nam,
463 857 495 906 n.
511 857 681 918 1⁷.-smrn‚
695 857 708 920 s
723 857 745 905 1.
761 856 793 905 n.
803 857 828 919 i,
838 857 862 906 5.

189 954 295 1029 Seria
316 955 486 1052 jucundis
511 955 689 1028 anteferre
714 956 833 1030 decet.
963 989 970 998 ·

186 1053 314 1126 Finem
338 1052 453 1126 labori
477 1075 549 1125 nox
576 1053 706 1127 attulit.

186 1151 326 1244 Agrum
349 1151 462 1223 Marti
487 1151 727 1223 consecravit.

185 1244 382 1341 Nunquam
407 1259 444 1319 te
470 1248 550 1320 aliis
575 1248 788 1343 praeponito.

188 1342 394 1417 Commodo
419 1368 485 1417 suo
510 1345 695 1441 publicum
720 1347 855 1419 bonnm
880 1343 1076 1442 postponit.

224 1631 229 1638 -
325 1681 406 1752 Sunt
432 1679 505 1751 and
531 1680 576 1750 its
600 1677 818 1775 componun,
845 1679 909 1764 &a

362 1875 454 1936 naam,
470 1875 502 1924 n.
519 1874 682 1936 ra-smitn,
697 1873 709 1938 t
724 1874 747 1924 a.
762 1873 795 1922 n.
805 1874 830 1935 a,
839 1873 863 1922 s.

188 1974 284 2048 Suus
309 1974 438 2069 cuique
464 1997 544 2046 mos
569 1986 635 2046 est.

188 2071 287 2160 Quid
312 2072 398 2144 tibi*
423 2096 507 2144 cum
532 2069 695 2166 pelago?

186 2167 288 2241 Nihil
313 2167 478 2242 felicitati
503 2193 594 2241 meae
619 2170 734 2242 deest.

187 2264 330 2338 Desunt
354 2267 486 2360 inopiae
512 2266 635 2351 multa,
663 2267 821 2339 avaritiae
846 2266 981 2339 omnia.

187 2361 346 2435 Praeerat
370 2362 478 2435 classi
505 2361 678 2434 Claudius
703 2363 934 2458 Apollinaris.

140 2457 342 2628 fuPraemia
365 2459 433 2532 soli
457 2460 713 2552 adsequuntur,
739 2459 800 2552 qui
824 2459 992 2557 periculis
1016 2481 1089 2534 non

180 2567 297 2628 erunt.

396 2913 488 2999 Sunt,
503 2912 569 3009 for
593 2938 746 3000 srsnno,
773 2913 843 2985 &a

373 3106 464 3168 nam,
480 3107 512 3155 a.
526 3105 688 3167 aa-smrn,
701 3106 714 3169 s
729 3106 752 3156 a.
767 3105 800 3155 a
810 3106 848 3156 ro.

190 3219 335 3293 Divitiae
361 3223 481 3294 multis
506 3223 605 3295 iniere
630 3222 755 3295 exitio.

189 3315 314 3388 Exitio
339 3329 395 3387 est
419 3319 533 3388 avidis
557 3343 656 3391 mare
682 3320 811 3392 nautis.

191 3409 333 3484 Pariter
357 3411 401 3482 iis
426 3414 553 3484 terrori
577 3418 873 3510 venerationique
898 3426 989 3488 erat.

398 3701 420 3758 ἲ
434 3697 454 3735 ἤ
468 3638 482 3664 “
494 3636 561 3690 ,Erat
575 3637 733 3688 understood.
