2570 4180
639 336 684 406 16

239 513 315 588 Soli
340 513 409 588 sibi
433 525 551 588 cavet.

237 612 434 707 Imperium
458 634 531 683 non
556 610 625 682 sibi
650 610 715 684 sed
741 611 867 706 patria
892 611 1067 707 quaesivit.

235 709 359 783 Nemo
382 710 451 782 sibi
475 709 543 781 soli
557 721 674 803 ,natus
699 722 765 780 est.

237 807 312 896 Qui
337 807 505 879 virtutem
531 831 634 878 suam
659 806 837 902 publicari
862 806 949 894 vult,
972 829 1047 878 non
1072 805 1141 881 vir-

187 904 256 976 tuti
281 905 433 991 laborat,
460 905 524 976 sed
550 903 685 999 gloriae.

239 1100 337 1172 Serit
370 1102 518 1172 arbores
552 1099 726 1194 agricola,
762 1124 842 1195 quae
878 1099 983 1197 alteri
1016 1099 1143 1174 seculo

187 1198 338 1291 prosint.

236 1295 294 1366 An
320 1308 455 1368 noceat
479 1296 533 1368 vis
558 1294 631 1366 ulla
654 1295 783 1366 bono?

235 1391 497 1464 Blandiebatur
522 1393 653 1487 coeptis
678 1391 834 1463 fortuna.

237 1488 419 1584 Imperare
445 1489 514 1561 sibi
538 1489 734 1561 maximum
759 1501 814 1560 est
838 1489 1041 1585 imperium.

236 1585 434 1682 Repugnat
458 1586 624 1683 voluptas
649 1587 810 1660 sanitati.

235 1683 321 1760 Plus
338 1685 504 1760 homines
521 1685 638 1760 oculis
655 1683 764 1782 quam
781 1685 928 1759 auribus
949 1686 1114 1760 credunt.

1277 1991 1279 2071 i

189 2037 293 2116 Verba
317 2039 556 2140 compcaaded
571 2039 653 2114 wita
673 2064 788 2132 sarrs,
807 2067 914 2131 anun,
932 2041 1006 2117 aad
1027 2067 1140 2118 uuna.

275 2177 379 2253 Verba
402 2178 638 2278 ccmpounded
660 2179 743 2253 suilli
767 2205 828 2270 An,
855 2206 962 2272 sunu,
981 2181 1051 2256 &c

298 2415 300 2422 ,
412 2378 504 2442 Arm,
520 2378 552 2428 n.
568 2379 731 2440 1a-sm1u‚
746 2379 758 2444 a
773 2379 797 2429 a.
812 2378 910 2442 aaa

185 2575 205 2649 s
235 2477 387 2553 Ceteris
411 2478 610 2567 satisfacio,
636 2478 725 2552 mihi
749 2476 819 2574 ipsi
836 2499 1019 2574 nunquam
1034 2479 1139 2554 satis·

199 2600 295 2649 acro,

234 2670 431 2744 Pulchrum
457 2685 513 2744 est
536 2674 755 2745 benefacere
780 2673 999 2766 reipublice.

234 2768 382 2863 Aspirat
407 2765 552 2839 fortuna
576 2767 701 2839 labori.
1115 2781 1117 2785 ·

235 2864 403 2937 Imminet
427 2865 629 2958 aequoribus
653 2861 834 2958 scopulus.

235 2963 337 3036 Mors
362 2961 528 3034 omnibus
554 2959 751 3057 impendet.

235 3058 427 3152 Principiis
451 3062 567 3132 obsta.

233 3155 341 3227 Bona
365 3156 586 3230 existimatio
608 3154 740 3226 divitiis
765 3162 922 3248 praestat.

233 3250 292 3326 Ne
318 3253 514 3326 succumbe
540 3251 653 3324 malis.
