2590 4194
473 345 592 390 cassin
615 345 808 402 conuocare.
1060 331 1121 390 12⁷

195 489 256 554 Ne.
278 491 330 555 An
355 507 399 558 est
419 494 478 558 ulla
502 493 734 578 possessioque
759 517 828 558 cum
853 495 976 558 hominis
998 495 1058 560 vitai
1084 499 1121 559 sit

153 571 354 640 conserenda?

196 654 256 718 Pl.
281 658 330 720 Ne
344 660 477 722 universa
491 661 609 744 quidem
625 660 780 724 Persarum
794 683 876 744 gaza.

195 737 256 802 Ne.
280 742 390 806 Annon
405 744 596 808 vehementer
611 745 721 806 odisses
735 745 893 820 hominem,
905 744 954 828 qui
968 743 1019 808 tibi
1033 743 1121 808 vitam

152 838 252 903 posset
266 845 301 886 ac
316 828 403 888 vellet
418 827 500 889 malis
515 828 623 890 artibus
638 829 674 888 ad
690 849 779 890 annos
794 830 901 912 aliquot
916 829 1089 891 decurtare?

194 906 256 969 ΡΙι.
280 908 324 970 Illi
338 911 455 972 mallem
470 911 533 993 ipse
547 911 634 972 vitam
649 910 770 992 eripere.

194 989 255 1052 Ne.
281 990 394 1054 Verirm
423 993 536 1089 pejores
567 1015 601 1054 ac
628 994 809 1056 nocentiores
834 994 964 1071 arbitror,
990 994 1038 1078 qui
1066 994 1119 1058 sibi

152 1073 285 1136 volentes
300 1076 425 1138 reddunt
438 1091 525 1138 vitam
540 1075 709 1139 breviorem.

193 1157 255 1220 Pl.
280 1157 397 1234 Fateor,
413 1159 435 1220 si
451 1160 498 1242 qui
514 1161 586 1222 tales
600 1161 788 1242 reperiantur.

193 1240 256 1303 Nc.
281 1241 500 1326 Reperiamus?
521 1243 587 1306 lmd
602 1244 629 1304 id
645 1241 757 1304 saciunt'
770 1263 872 1304 omnes
886 1241 926 1304 tui
941 1242 1056 1306 similes.

193 1324 254 1388 Pl.
277 1325 365 1388 Bona
380 1327 476 1388 verba.

193 1407 255 1470 Ne.
280 1408 408 1490 Optima.
454 1409 504 1471 Sic
525 1421 577 1472 tuo
598 1408 694 1470 animo
722 1423 844 1491 reputa3
879 1430 975 1470 nonne
1004 1409 1119 1472 videtur

151 1490 310 1553 rectissime
326 1492 433 1554 dixisse
447 1490 569 1568 Plinius,
590 1490 689 1553 Vitam
704 1513 762 1554 esse
776 1491 921 1576 vigiliam,
936 1502 964 1554 et
978 1491 1033 1556 boc
1051 1493 1119 1576 plu·

152 1573 234 1635 ribus
248 1573 329 1634 boris
342 1575 483 1636 bominem
497 1574 604 1649 nivere,
619 1576 677 1656 qud
691 1572 826 1655 minorem
849 1574 986 1657 temporis
1001 1585 1119 1658 portem

153 1655 326 1738 impenderit
352 1655 483 1718 studiis?
526 1656 654 1718 Somnus
683 1657 760 1718 enim
789 1677 867 1718 mors
896 1658 1028 1739 quaedam
1065 1673 1118 1720 est.

153 1737 242 1800 Unde
256 1739 293 1802 ab
307 1737 404 1800 inseris
419 1739 517 1802 venire
532 1738 656 1822 fingitur,
671 1752 701 1802 et
715 1739 752 1800 ab
774 1737 907 1800 Homero
927 1739 1028 1802 mortis
1046 1761 1119 1822 ger·

152 1843 256 1884 monas
270 1822 362 1885 dictus
377 1835 430 1884 est
474 1821 578 1904 Itaque
592 1843 666 1905 quos
680 1843 799 1888 somnus
819 1836 953 1904 occupat,
968 1843 1023 1886 nec
1045 1823 1120 1886 inter

153 1905 233 1967 vivos
247 1927 302 1967 nec
317 1906 543 1983 intermortuos,
557 1919 732 1983 censentur3
753 1905 806 1966 sed
821 1920 917 1967 tamen
931 1905 1026 1989 potiris
1047 1905 1119 1970 inter

151 2002 290 2050 mortuos.

195 2071 252 2134 Pb
275 2070 322 2134 Ita
334 2071 448 2134 videtur
461 2071 588 2134 omnino.

193 2154 255 2218 Ne.
279 2153 368 2216 Nunc
382 2155 453 2218 mihi
474 2155 614 2216 rationem
636 2155 800 2232 subducite,
815 2169 953 2239 quantam
968 2155 1033 2226 vita
1049 2179 1118 2239 por·

151 2237 261 2300 tionem
283 2238 336 2300 sibi
352 2251 490 2300 resecant
510 2238 559 2320 qui
581 2238 699 2320 singulis
721 2239 824 2300 diebus
845 2253 904 2301 tres
925 2253 976 2302 aut
997 2255 1119 2324 quatuor

151 2319 237 2382 horas
251 2321 376 2404 perdunt
390 2341 501 2382 somno.

193 2403 254 2467 Pl.
279 2403 376 2466 Video
390 2423 534 2466 summam
548 2401 730 2464 immensam.

193 2486 254 2549 Ne.
278 2485 386 2548 Nonne
419 2507 473 2568 pro
496 2485 554 2546 deo
575 2486 699 2547 haberes
723 2485 927 2570 alchymistam
949 2487 998 2570 qui
1019 2502 1119 2570 posset

151 2570 258 2635 decem
271 2589 362 2630 annos
375 2569 440 2630 vite
454 2589 574 2630 summe
588 2567 724 2652 adjicere,
735 2584 765 2632 et
778 2568 989 2653 provectiorem
1004 2583 1118 2634 atatem

151 2654 189 2716 ad
204 2650 407 2716 adolescentie
422 2651 550 2733 vigorem
564 2653 722 2714 revocare?

192 2735 252 2800 Pl.
276 2733 388 2806 Quidni
403 2734 549 2799 habeam?

193 2818 251 2882 Ne
278 2817 340 2880 Sed
354 2818 411 2880 hoc
424 2830 485 2880 tam
500 2815 631 2879 divinum
645 2816 818 2881 mneficium
833 2817 896 2902 ipse
910 2819 962 2882 tibi
984 2834 1117 2904 prestare

203 2923 244 2964 es.

151 2915 253 3048 ΡοίΡΙι.
276 2981 341 3055 Qut
354 2983 416 3046 sic?

192 3067 255 3129 Nc.
278 3065 360 3138 Quia
373 3085 460 3128 mane
471 3065 529 3128 diei
539 3077 584 3126 est
594 3063 802 3140 adolescentia,
812 3083 905 3146 usque
916 3062 953 3126 ad
964 3065 1116 3128 meridiem

151 3149 246 3212 servet
261 3147 410 3231 juventus,
423 3169 494 3210 mox
509 3147 594 3210 virilis
609 3161 688 3223 etas,
701 3146 749 3210 cui
769 3147 903 3208 succedit
924 3167 977 3227 pro
997 3147 1120 3212 senectti

118 3253 121 3258 ·
146 3253 267 3314 vesper,
281 3251 433 3313 vesperam
450 3231 560 3312 excipit
573 3243 706 3307 occasus,
720 3229 800 3292 velut
821 3229 879 3290 diei
899 3249 985 3290 mom.
1029 3228 1118 3328 Mag·

150 3336 222 3376 num
245 3326 342 3373 autem
365 3313 488 3394 vectigal
507 3312 685 3410 parsimonia
707 3326 762 3388 est,
786 3312 839 3373 sed
860 3332 1005 3393 nusquam
1025 3330 1119 3394 magis
1205 3333 1210 3340 ·

151 3397 241 3480 quim
254 3393 311 3458 bic.
356 3394 464 3456 Annon
478 3395 562 3477 igitur
575 3395 675 3478 ingens
697 3395 813 3457 lucrum
834 3392 888 3454 sibi
910 3392 1043 3476 adjunxit
1067 3395 1115 3476 qui

150 3501 181 3544 m
239 3499 286 3538 am
302 3477 367 3538 vita
376 3489 505 3560 partem,
520 3499 644 3563 eamque
658 3478 799 3562 optimam
813 3475 936 3562 perdere
950 3474 1055 3539 desiit?

223 3561 250 3624 l.
274 3557 354 3624 Vera
371 3559 519 3644 praedices.
