2570 4180
619 343 669 414 74

622 529 674 585 27.

569 626 730 681 CERVUS.

211 718 337 793 Cervus,
351 716 449 778 altero
463 715 557 778 oculo
578 725 699 796 captus,
718 716 806 799 juxta
828 737 914 780 mare
938 716 1024 799 pasci
1048 739 1124 782 con·

169 811 321 876 sueverat,
345 800 390 861 ita
417 810 452 860 ut
473 795 626 880 integrum
648 799 774 862 oculum
805 800 836 862 in
859 811 971 864 terram
993 799 1124 865 haberet

168 901 307 1028 Hereum:
330 881 407 946 nihil
429 882 513 946 enirn
528 881 658 964 periculi
680 883 842 946 videbatur
863 903 881 946 e
903 883 980 946 mari
1004 883 1123 965 impen-

190 986 254 1028 ere.

210 1049 290 1114 Crim
313 1060 418 1114 autem
437 1051 514 1114 sorte
538 1050 624 1114 navis
638 1049 925 1133 praeterveheretur,
939 1051 993 1131 qui
1015 1049 1048 1112 in
1068 1051 1123 1114 ille

168 1143 266 1209 erant,
280 1133 400 1196 directi
414 1135 446 1198 in
460 1156 587 1198 cervum
601 1135 722 1216 sagitta,
739 1135 898 1198 incautum
912 1134 1077 1198 confixere.

210 1215 269 1278 Ille
283 1217 381 1296 ictus;
403 1218 458 1281 Me
480 1219 634 1294 miserum,
657 1218 766 1298 iuquit,
790 1227 981 1298 quantopere
1005 1217 1121 1298 decep

168 1309 218 1362 tus
232 1299 286 1376 fui,
301 1301 354 1380 qui
376 1322 395 1362 a
417 1302 496 1364 terra
514 1301 621 1378 metui,
645 1301 736 1366 undis
760 1301 865 1377 fretus,
879 1321 898 1364 e
913 1300 1026 1382 quibus
1046 1299 1120 1364 mihi

167 1401 249 1446 mors
264 1383 446 1446 immittitur.

597 1567 599 1572 ,
618 1495 670 1553 ss.

567 1583 719 1663 nwscu.

211 1690 260 1756 Ad
276 1693 338 1757 mel
375 1693 510 1758 refusum
532 1692 564 1756 in
586 1693 668 1758 cellit
688 1691 822 1776 quisdam
844 1689 1023 1755 advolantes
1039 1712 1122 1755 mus·

168 1794 227 1851 cae,
241 1777 324 1840 illius
344 1714 522 1839 ‹lulcissimo
544 1799 641 1841 succo
659 1777 880 1862 jucundissime
902 1775 1119 1858 pascebantur.

210 1860 274 1922 Sed
286 1861 352 1942 jam
365 1870 488 1935 satum,
506 1861 578 1921 cium
592 1861 713 1922 avolare
735 1859 861 1935 vellent,
875 1858 1007 1942 pedibus
1020 1858 1121 1920 niten-

168 1939 260 2016 tibus,
276 1941 370 2002 etiam
391 1941 447 2002 alis
469 1942 501 2004 in
523 1953 634 2004 tenace
657 1943 776 2023 liquore
797 1941 1008 2005 haerentibus:
1028 1940 1120 2003 mori-

168 2031 256 2116 turae,
270 2023 300 2084 Ο
313 2023 444 2166 mliserae,
459 2023 610 2106 inquiunt,
625 2025 794 2106 quantillus
817 2025 908 2089 nobis
932 2024 1022 2088 cibus
1043 2023 1122 2088 iute-

168 2114 260 2169 ntum
275 2105 387 2168 attuit.

552 2217 742 2372 Tllsll'qllDO.

212 2399 291 2462 Cium
313 2398 433 2480 Jupiter
454 2399 609 2462 Iunonem
632 2401 778 2476 duxisset,
801 2399 944 2466 invittlsse
966 2399 1006 2462 ad
1019 2397 1122 2480 nupti-

170 2481 219 2546 ale
242 2483 417 2546 convivium
436 2503 546 2554 ,omnes
568 2485 740 2548 animantes
762 2483 901 2546 traditur.
945 2482 1029 2552 Quae
1051 2483 1122 2544 cum
1193 2563 1196 2566 Ι

171 2565 351 2646 tempestivi
371 2565 576 2642 advenissent,
601 2567 667 2630 sola
690 2567 823 2630 cessavit
844 2565 988 2630 testudo:
1009 2566 1048 2628 de
1063 2563 1124 2646 quii

170 2647 241 2708 cirm
264 2666 391 2707 causam
412 2667 506 2708 morae
532 2649 749 2724 sciscitaretur,
771 2649 931 2729 respondit
951 2647 1015 2724 illa,
1037 2669 1123 2710 suam
1221 2657 1224 2668 '

171 2727 285 2806 cuique
299 2727 425 2788 domurn
439 2729 643 2869 5ratissimam
656 2751 734 2792 esse.

212 2809 321 2888 Itaque
336 2807 430 2868 iratus
464 2810 565 2890 upiter
586 2809 644 2872 hec
660 2831 730 2872 eam
748 2808 841 2888 poena
862 2807 977 2881 affecit,
991 2818 1027 2870 ut
1040 2811 1125 2872 affix-

172 2913 221 2957 am
236 2890 386 2975 perpetui)
396 2890 459 2953 sibi
474 2891 600 2954 domum
614 2912 702 2953 suam
714 2899 837 2973 gestare
852 2898 1026 2971 cogeretur.

483 3107 607 3162 LUPUS
623 3014 687 3158 3ΕοΤ
717 3105 815 3160 ovls

214 3189 280 3258 Qui
295 3197 434 3252 evaserat
458 3210 552 3254 canes
573 3187 697 3252 saucius
718 3189 819 3270 lupus,
834 3191 905 3252 ciam
929 3190 995 3254 sine
1009 3190 1125 3254 viribus

73 3319 75 3322 -
172 3276 205 3339 in
219 3273 300 3338 rant
315 3271 439 3345 'aceret
454 3292 473 3332 a
487 3281 692 3351 praetereunte
714 3293 772 3336 ove
795 3273 885 3353 petiit
898 3273 938 3336 de
953 3273 1124 3356 profluente

172 3357 271 3422 rivulo
284 3292 344 3418 sili
366 3361 474 3435 potum
498 3368 532 3416 ut
554 3353 698 3418 afferret:
720 3355 789 3439 Ego
812 3354 1038 3438 facile,iuq11it,
1059 3366 1125 3420 tum

135 3459 138 3464 ·
173 3441 280 3504 cibum
293 3437 450 3502 invenero.

214 3523 301 3597 Ovis,
318 3520 431 3584 astutis
450 3519 620 3597 intellecti,
643 3521 677 3583 Si
699 3541 761 3605 ego
782 3531 891 3604 potum
913 3521 1055 3600 attulero,
1079 3519 1125 3585 in·

174 3605 251 3686 quit,
265 3622 316 3666 me
330 3603 453 3682 scilicet
466 3623 523 3685 pro
536 3603 610 3667 cibo
623 3625 732 3694 usurus
746 3604 795 3669 sit
