2570 4180
581 369 634 437 23

43 545 302 626 Quam
332 582 370 625 ex
401 557 443 620 ela
474 552 600 613 victum
622 559 700 604 curn
721 530 824 597 multo
854 521 976 594 labore,
1005 513 1117 576 donec

0 648 2 661 *
57 652 80 659 “
102 649 189 696 ‘²⁸
218 640 264 706 in
279 656 394 708 terram
407 661 427 701 e
443 634 509 716 qud
523 640 614 693 ortus
629 645 676 686 es.
945 682 951 694 ι

28 702 242 783 Tum
263 727 361 808 ejecit
374 723 540 785 Adamum
555 721 590 772 et
611 709 719 770 Evam
733 718 773 760 ex
787 695 880 756 horto
893 694 930 747 ut
944 681 1000 743 rlle
1026 674 1120 738 cole·
1147 699 1154 707 ·

89 800 309 882 terram,
323 818 355 869 et
369 795 549 865 collocavit
564 787 730 875 angelum,
742 777 797 859 qui
808 765 1003 861 praeferebat
1017 775 1122 822 manu

0 886 13 911 ²
47 870 258 945 dium
275 887 406 970 igneum
421 891 460 942 ut
475 873 659 939 custodiret
674 866 798 927 aditum
813 852 960 938 paradisi.

610 1042 642 1098 8.

12 1156 31 1167 ⁸
89 1145 308 1222 damus
322 1157 438 1222 habuit
460 1152 584 1216 multos
609 1147 741 1214 liberos,
756 1137 839 1230 inter
854 1149 934 1222 quus
954 1125 1077 1186 Carnus
1092 1125 1130 1178 et

25 1243 54 1253 ⁴
85 1222 118 1283 ¹
166 1251 452 1303 numerantur:
476 1236 532 1296 hic
549 1231 611 1292 fuit
626 1235 756 1307 past0r3
779 1216 835 1278 ille
851 1207 1007 1306 agricola.
1041 1283 1047 1296 ι

81 1315 182 1370 te
190 1335 309 1397 tque
341 1318 465 1383 obtulit
503 1315 593 1374 dona
633 1304 799 1369 Domino:
826 1297 956 1390 'Carnus
994 1283 1134 1368 quidem

51 1392 210 1454 tus
242 1410 371 1477 terrae3
396 1396 488 1460 Abel
503 1403 616 1454 autem
631 1406 708 1448 oves
723 1397 882 1462 egregias.

0 1462 19 1505 ³
58 1484 248 1557 <3¹1³
291 1481 406 1542 Abelis
447 1477 647 1557 placuerunt
683 1467 767 1538 Deo,
795 1467 862 1522 non
895 1463 1006 1517 autem
1042 1449 1138 1510 dona

89 1566 125 1606 ¹
159 1574 192 1628 3
229 1563 345 1651 ‘quod
359 1561 490 1622 Cainus
506 1555 595 1638 aegre
612 1551 697 1613 tulit.

42 1645 322 1704 Omlnu's
343 1643 430 1704 dixit
453 1640 588 1700 Caino:
611 1654 670 1695 cur
692 1628 817 1692 invides
848 1616 961 1685 fratri?
991 1613 1018 1675 si
1042 1609 1140 1673 recte

13 1727 42 1736 “
79 1728 179 1787 s,
215 1725 387 1804 recipies
403 1720 627 1794 mercedem3
648 1714 698 1776 sin
720 1720 831 1773 autem
851 1703 948 1776 male,
972 1697 1046 1759 lues
1067 1713 1143 1778 poe-

91 1805 353 1871 peccati.

550 1935 553 1939 ’
617 1933 650 1990 9.

0 2056 38 2082 ²
78 2035 288 2112 'snus
302 2073 368 2114 non
384 2048 501 2130 paruit
526 2047 603 2110 Deo
628 2051 800 2107 monentis
821 2033 1028 2100 dissimulans
1049 2029 1148 2106 iram,
1220 2070 1224 2076 -

92 2120 305 2194 fratri
319 2151 405 2193 suo:
430 2150 509 2210 age,
525 2147 640 2190 eamus
655 2122 908 2186 deambulatum.
1043 2122 1045 2126 ‘

0 2217 44 2241 ”²
97 2219 282 2282 que
299 2213 365 2274 una
381 2212 487 2272 ambo
515 2210 671 2270 abierunt
693 2207 787 2281 foras,
802 2214 837 2265 et
858 2221 959 2282 quum
977 2205 1091 2260 essent
1113 2193 1151 2256 in

86 2281 338 2354 Cainus
354 2293 454 2354 irruit
469 2291 507 2352 in
523 2290 678 2363 Abelem,
694 2297 728 2348 et
741 2283 907 2348 interfecit
920 2282 1025 2344 illium

23 2378 242 2450 “us
266 2373 356 2435 dixit
376 2373 519 2434 Ca'iuo:
543 2371 602 2432 ubi
626 2381 678 2432 est
699 2379 771 2430 tuus
792 2365 912 2428 frater?
935 2363 1061 2424 Cainus
1083 2379 1154 2423 res·

62 2453 180 2506 lt
223 2471 245 2511 ε
281 2455 425 2531 nesci03
450 2473 536 2514 nurn
550 2473 618 2534 ego
634 2471 705 2512 surn
720 2459 829 2528 custos
845 2445 951 2508 fratris
964 2445 1059 2506 mei?

101 2719 242 2764 us
288 2708 373 2767 dixit
404 2711 542 2769 Caino:
583 2713 699 2784 Carine,
726 2710 804 2786 quid
836 2707 974 2767 fecisti?
1009 2705 1160 2784 Sanguis

0 2802 10 2831 ι
69 2801 148 2842 S
203 2786 304 2858 tui,
320 2805 425 2876 quern
441 2789 517 2865 ipse
535 2789 651 2848 fudisti
665 2809 763 2848 manu
777 2787 842 2860 tut,
858 2786 982 2846 clamat
996 2785 1041 2846 ad
1056 2805 1126 2847 me.

41 2863 293 2926 festa
308 2866 371 2925 nbi
389 2867 456 2926 erit
472 2877 575 2941 terra,
593 2888 668 2946 quae
690 2867 775 2928 bibit
797 2867 993 2946 sanguinem
1017 2867 1163 2931 Abelis:

188 2945 385 3007 colueris
401 2966 483 3007 eam
498 2947 606 3028 longo
633 2955 668 3009 et
692 2950 772 3009 duro
794 2947 919 3023 labore,
941 2949 1054 3012 nullos
1077 2949 1164 3014 feret

59 3048 221 3087 us
252 3047 264 3083 ε
295 3025 361 3084 eris
377 3047 489 3106 vagus
505 3028 542 3088 in
559 3030 642 3090 orbe
659 3039 822 3090 terrarum.

0 3136 63 3163 -ε,
94 3111 123 3121 “
133 3109 163 3120 “
239 3122 304 3175 us,
319 3103 512 3183 desperans
527 3110 672 3184 veniam,
688 3111 780 3191 sugit.

627 3277 679 3332 11.

0 3431 1 3434 Ἴ
41 3419 83 3445 ,
122 3389 353 3454 Stquam
376 3393 543 3441 numerus
567 3383 740 3450 hominum
760 3390 871 3467 crevit,
886 3371 1096 3461 omnia'vitia
1117 3398 1167 3462 in·

34 3471 267 3530 ὅτε.
330 3455 465 3550 Qnare·
479 3462 637 3532 offensus
659 3469 749 3532 Deus
776 3474 888 3536 statuit
909 3479 1052 3557 perdere
1075 3481 1169 3546 hom·

178 3552 343 3619 genus
358 3535 504 3600 diluvio.
