2590 4194
155 347 219 408 112
266 316 271 326 ’
466 345 587 404 rum
609 357 803 414 comodum

152 506 250 568 dicito.
294 504 354 568 Dic
375 525 425 568 me
447 505 582 566 omnibus
603 505 702 568 omnia
721 504 787 566 laete
810 501 933 586 precari.
978 497 1123 593 Salutabis

152 589 226 650 mihi
247 589 431 651 sodalitatem
453 587 617 670 diligenter.
660 587 783 648 Amicos
806 605 909 647 omnes
933 583 1006 645 meis
1028 581 1124 642 verbis

153 671 287 734 salutato.
332 671 428 732 Uxori
442 672 567 732 salutem
582 691 622 732 ex
643 691 692 732 me
715 668 911 731 annunciabis.
956 665 1053 727 Fratri
1073 677 1124 724 tuo

154 753 185 816 in
210 755 299 816 literis
323 755 377 815 tuis
400 774 469 814 meo
497 754 616 814 nomine
645 755 770 814 salutem
795 751 930 812 ascribes.
974 747 1039 810 Mei
1060 747 1125 807 vice

154 837 291 898 salutabis
305 837 422 896 affinem
438 858 547 898 meum.
593 835 736 918 Nunquid
761 835 818 896 tuis
840 833 961 894 mandas
983 851 1037 913 per
1059 829 1127 889 me?

154 915 198 979 Ut
226 917 306 979 recte
337 919 461 979 valeant.
522 919 616 981 Estne
643 919 721 1002 quod
747 918 821 978 velis
845 916 883 977 ad
911 929 977 976 tuos
1006 911 1127 994 perferri

154 1021 203 1060 me
241 1001 370 1062 nuncio?
408 1001 534 1063 Multam
570 1003 693 1062 salutem
723 1001 868 1074 omnibus,
897 998 950 1058 sed
980 992 1128 1078 precipue

155 1083 238 1164 patri.
284 1083 360 1144 Sunt
390 1106 464 1167 quos
492 1107 546 1167 per
569 1106 618 1145 me
643 1098 694 1144 tuo
720 1083 839 1143 nomine
868 1081 941 1141 velis
970 1079 1128 1140 salutatos?

155 1165 272 1226 Omnes
287 1167 335 1248 qui
357 1167 395 1226 de
418 1189 466 1227 me
488 1167 742 1248 percontabuntur.
789 1164 921 1222 Salutem
945 1182 1033 1241 quarn
1055 1159 1129 1219 mihi

153 1247 193 1308 ab
204 1249 305 1309 amicis
316 1249 443 1320 attulisti,
455 1249 508 1307 illis
518 1247 608 1304 multo
618 1265 686 1303 curn
699 1243 812 1300 soenore
823 1241 942 1300 reseres
983 1239 1124 1309 Quorum

153 1329 272 1387 nomine
286 1329 357 1387 mihi
371 1329 494 1386 salutem
504 1323 631 1398 attulisti,
641 1341 694 1382 eos
704 1341 807 1381 omnes
817 1319 886 1381 med
895 1319 988 1401 gratid
996 1319 1123 1380 vicissim

150 1407 288 1468 salutabis
303 1404 447 1467 accurate.

514 1693 729 1754 COLLOQUY
752 1694 775 1748 1.

438 1866 575 1922 PETBUS,
597 1867 690 1923 mm,
713 1867 866 1908 tonocUS.

193 1975 314 2038 Petrus.
339 1975 436 2052 Heus,
450 1976 534 2051 heus,
549 1996 624 2058 puer
632 1996 641 2050 3
663 1975 783 2037 nemon'
798 1976 856 2037 huc
871 1976 988 2058 prodit?

193 2057 298 2120 Mida.
323 2059 383 2120 Hic
401 2079 420 2119 ο
442 2059 506 2120 inor
520 2058 652 2140 effringet
667 2057 752 2120 sores.
797 2057 988 2120 Familiarem
1009 2070 1125 2141 oportet

149 2157 258 2202 essem.
303 2141 333 2203 Ο
355 2080 489 2224 lepidum
512 2153 610 2223 caput.
656 2139 741 2212 Quid
766 2141 863 2218 affers,
885 2141 926 2202 mi
949 2140 1060 2204 Perre?

193 2221 252 2284 Pe.
278 2223 439 2306 Meipsum.

191 2304 256 2380 Mi.
273 2305 329 2368 Ne
344 2319 454 2368 turem
469 2305 550 2368 haud
564 2306 662 2388 magni
676 2307 761 2389 pretii
774 2307 833 2370 huc
854 2306 982 2370 attulisti.

192 2385 252 2448 Pe.
276 2389 371 2470 Atqui
385 2411 492 2470 magno
505 2389 620 2450 constiti
635 2391 711 2471 petri
725 2411 801 2451 meo.

190 2465 255 2526 Mi.
280 2469 382 2529 Credo
396 2471 487 2549 pluris
503 2471 590 2550 qutirn
605 2473 727 2533 revendi
741 2472 843 2554 possis

189 2543 248 2602 Pe.
273 2547 433 2620 Caeterlrm,
448 2549 581 2610 Jodocus
596 2567 680 2612 estne
696 2555 798 2615 domi?

186 2619 251 2676 Mi.
275 2622 409 2680 Incertus
424 2646 501 2696 sum,
517 2629 569 2684 sed
586 2630 688 2688 visam.

144 2692 244 2824 dege.
266 2695 349 2760 Quin
364 2710 393 2752 tu
407 2702 504 2774 potius
519 2704 575 2771 abi,
591 2717 620 2760 et
633 2724 704 2780 roga
718 2709 815 2782 ipsum
829 2731 866 2768 an
876 2715 944 2772 velit
958 2736 1038 2777 nunc
1053 2739 1120 2780 esse

217 2789 236 2825 ι.

182 2845 243 2905 Mt.
261 2846 320 2906 Abi
335 2861 366 2907 tu
380 2850 486 2928 potitis,
502 2853 598 2932 sisque
614 2855 664 2914 tibi
680 2857 733 2936 ipsi
748 2860 925 2926 Mercurius

181 2924 239 2985 Pe.
265 2927 360 3000 Heus,
382 2929 506 3006 Jodoce,
530 2954 600 2992 num
623 2956 655 2994 es
671 2937 770 3002 dorni?

181 3003 318 3064 Jodoctts.
342 3007 410 3066 Non
432 3030 506 3070 sum.

180 3080 237 3140 Pe.
261 3083 430 3161 ImpudenS‚
445 3111 504 3149 non
520 3113 575 3172 ego
589 3097 676 3157 audio
691 3111 721 3160 te
736 3102 929 3184 loquentem?

180 3159 228 3222 Jc.
253 3162 318 3224 lmd
332 3177 364 3259 tu
376 3165 587 3247 impudentior:
611 3177 719 3259 Nuper
734 3188 846 3250 ancillae
861 3204 920 3255 tuae
942 3201 1052 3264 credidi
1080 3219 1111 3268 te

137 3267 194 3308 non
210 3265 272 3305 esse
288 3247 375 3321 domi,
391 3261 420 3308 et
434 3264 464 3308 tu
479 3273 536 3312 non
551 3257 645 3317 credis
666 3263 738 3324 mihi
760 3267 838 3348 ipsi?
1055 3252 1064 3280 ²

179 3326 235 3414 Pe.
259 3327 388 3410 AEquum
411 3331 490 3407 dicis,
505 3355 558 3414 par
572 3340 634 3416 pari
648 3337 785 3410 relatum.

179 3409 229 3478 Jo.
245 3409 391 3505 Equidem
405 3425 437 3473 ut
451 3435 510 3475 nen
530 3419 660 3482 omnibus
685 3427 812 3510 dormio,
828 3436 871 3498 itti
892 3461 952 3504 non
974 3447 1107 3511 omnibttt

136 3511 197 3552 sum
212 3491 308 3552 dome:
330 3493 513 3629 tihfflosthac
527 3520 644 3584 semper
658 3525 717 3568 ero.
