<?xml version="1.0" encoding="UTF-8"?>
<!DOCTYPE html PUBLIC "-//W3C//DTD XHTML 1.0 Transitional//EN"
    "http://www.w3.org/TR/xhtml1/DTD/xhtml1-transitional.dtd">
<html xmlns="http://www.w3.org/1999/xhtml" xml:lang="en" lang="en">
 <head>
  <title>
</title>
<meta http-equiv="Content-Type" content="text/html;charset=utf-8" />
  <meta name='ocr-system' content='tesseract 3.04.00' />
  <meta name='ocr-capabilities' content='ocr_page ocr_carea ocr_par ocr_line ocrx_word'/>
</head>
<body>
  <div class='ocr_page' id='page_1' title='image "./liberprimus00danagoog_0092.png"; bbox 0 0 2590 4194; ppageno 0'>
   <div class='ocr_carea' id='block_1_1' title="bbox 504 315 775 406">
    <p class='ocr_par' dir='ltr' id='par_1_1' title="bbox 504 315 775 406">
     <span class='ocr_line' id='line_1_1' title="bbox 504 315 775 406; baseline -0.004 0"><span class='ocrx_word' id='word_1_1' title='bbox 504 315 775 406; x_wconf 67' lang='lat' dir='ltr'>,ar‘</span> 
     </span>
    </p>
   </div>
   <div class='ocr_carea' id='block_1_2' title="bbox 99 507 1114 929">
    <p class='ocr_par' dir='ltr' id='par_1_2' title="bbox 99 507 1114 673">
     <span class='ocr_line' id='line_1_2' title="bbox 99 507 1114 600; baseline 0.011 -29"><span class='ocrx_word' id='word_1_2' title='bbox 99 530 103 534; x_wconf 91' lang='lat'>·</span> <span class='ocrx_word' id='word_1_3' title='bbox 204 507 317 572; x_wconf 87' lang='lat' dir='ltr'>Aliena</span> <span class='ocrx_word' id='word_1_4' title='bbox 330 511 444 573; x_wconf 79' lang='lat' dir='ltr'>rectilis</span> <span class='ocrx_word' id='word_1_5' title='bbox 465 513 666 594; x_wconf 84' lang='lat' dir='ltr'>perspicimus</span> <span class='ocrx_word' id='word_1_6' title='bbox 681 516 771 596; x_wconf 73' lang='lat' dir='ltr'>quarn</span> <span class='ocrx_word' id='word_1_7' title='bbox 786 525 901 594; x_wconf 83' lang='lat' dir='ltr'>nostra,</span> <span class='ocrx_word' id='word_1_8' title='bbox 915 527 948 580; x_wconf 87' lang='lat' dir='ltr'>et</span> <span class='ocrx_word' id='word_1_9' title='bbox 961 517 1021 581; x_wconf 90' lang='lat' dir='ltr'>sibi</span> <span class='ocrx_word' id='word_1_10' title='bbox 1031 519 1114 600; x_wconf 89' lang='lat' dir='ltr'>quis·</span> 
     </span>
     <span class='ocr_line' id='line_1_3' title="bbox 163 593 449 673; baseline 0.01 -21"><span class='ocrx_word' id='word_1_11' title='bbox 163 610 223 673; x_wconf 86' lang='lat' dir='ltr'>que</span> <span class='ocrx_word' id='word_1_12' title='bbox 238 593 380 654; x_wconf 81' lang='lat' dir='ltr'>adulator</span> <span class='ocrx_word' id='word_1_13' title='bbox 393 597 449 655; x_wconf 84' lang='lat' dir='ltr'>est.</span> 
     </span>
    </p>

    <p class='ocr_par' dir='ltr' id='par_1_3' title="bbox 160 674 1114 929">
     <span class='ocr_line' id='line_1_4' title="bbox 205 674 1114 767; baseline 0.014 -32"><span class='ocrx_word' id='word_1_14' title='bbox 205 674 242 736; x_wconf 93' lang='lat' dir='ltr'>In</span> <span class='ocrx_word' id='word_1_15' title='bbox 257 676 385 756; x_wconf 87' lang='lat' dir='ltr'>speculo</span> <span class='ocrx_word' id='word_1_16' title='bbox 399 678 532 758; x_wconf 88' lang='lat' dir='ltr'>teipsum</span> <span class='ocrx_word' id='word_1_17' title='bbox 553 681 789 762; x_wconf 81' lang='lat' dir='ltr'>contemplator,</span> <span class='ocrx_word' id='word_1_18' title='bbox 808 692 841 744; x_wconf 92' lang='lat' dir='ltr'>et</span> <span class='ocrx_word' id='word_1_19' title='bbox 854 683 879 744; x_wconf 86' lang='lat' dir='ltr'>si</span> <span class='ocrx_word' id='word_1_20' title='bbox 895 683 1045 746; x_wconf 86' lang='lat' dir='ltr'>formosus</span> <span class='ocrx_word' id='word_1_21' title='bbox 1059 705 1114 767; x_wconf 90' lang='lat' dir='ltr'>ap-</span> 
     </span>
     <span class='ocr_line' id='line_1_5' title="bbox 160 760 1113 848; baseline 0.015 -31"><span class='ocrx_word' id='word_1_22' title='bbox 160 777 279 838; x_wconf 80' lang='lat' dir='ltr'>pareas,</span> <span class='ocrx_word' id='word_1_23' title='bbox 294 779 353 840; x_wconf 85' lang='lat' dir='ltr'>age</span> <span class='ocrx_word' id='word_1_24' title='bbox 377 779 447 839; x_wconf 82' lang='lat' dir='ltr'>quae</span> <span class='ocrx_word' id='word_1_25' title='bbox 471 760 599 822; x_wconf 88' lang='lat' dir='ltr'>sormam</span> <span class='ocrx_word' id='word_1_26' title='bbox 620 764 755 841; x_wconf 82' lang='lat' dir='ltr'>decent3</span> <span class='ocrx_word' id='word_1_27' title='bbox 776 765 824 826; x_wconf 90' lang='lat' dir='ltr'>sin</span> <span class='ocrx_word' id='word_1_28' title='bbox 847 765 1003 842; x_wconf 82' lang='lat' dir='ltr'>deformis,</span> <span class='ocrx_word' id='word_1_29' title='bbox 1027 768 1113 848; x_wconf 92' lang='lat' dir='ltr'>quod</span> 
     </span>
     <span class='ocr_line' id='line_1_6' title="bbox 161 839 1053 929; baseline 0.012 -28"><span class='ocrx_word' id='word_1_30' title='bbox 161 839 194 901; x_wconf 92' lang='lat' dir='ltr'>in</span> <span class='ocrx_word' id='word_1_31' title='bbox 209 839 289 903; x_wconf 86' lang='lat' dir='ltr'>facie</span> <span class='ocrx_word' id='word_1_32' title='bbox 302 841 402 903; x_wconf 89' lang='lat' dir='ltr'>minus</span> <span class='ocrx_word' id='word_1_33' title='bbox 417 854 474 920; x_wconf 89' lang='lat' dir='ltr'>est,</span> <span class='ocrx_word' id='word_1_34' title='bbox 489 843 521 905; x_wconf 93' lang='lat' dir='ltr'>id</span> <span class='ocrx_word' id='word_1_35' title='bbox 534 865 653 906; x_wconf 90' lang='lat' dir='ltr'>morum</span> <span class='ocrx_word' id='word_1_36' title='bbox 669 846 898 927; x_wconf 79' lang='lat' dir='ltr'>pulchritudine</span> <span class='ocrx_word' id='word_1_37' title='bbox 913 861 1053 929; x_wconf 84' lang='lat' dir='ltr'>pensato.</span> 
     </span>
    </p>
   </div>
   <div class='ocr_carea' id='block_1_3' title="bbox 577 1004 693 1057">
    <p class='ocr_par' dir='ltr' id='par_1_4' title="bbox 577 1004 693 1057">
     <span class='ocr_line' id='line_1_7' title="bbox 577 1004 693 1057; baseline 0.009 -1"><span class='ocrx_word' id='word_1_38' title='bbox 577 1004 693 1057; x_wconf 80' lang='lat' dir='ltr'>MORS.</span> 
     </span>
    </p>
   </div>
   <div class='ocr_carea' id='block_1_4' title="bbox 155 1091 1111 2234">
    <p class='ocr_par' dir='ltr' id='par_1_5' title="bbox 160 1091 1111 1254">
     <span class='ocr_line' id='line_1_8' title="bbox 203 1091 1111 1178; baseline 0.008 -24"><span class='ocrx_word' id='word_1_39' title='bbox 203 1091 305 1155; x_wconf 92' lang='lat' dir='ltr'>Omne</span> <span class='ocrx_word' id='word_1_40' title='bbox 321 1091 488 1154; x_wconf 92' lang='lat' dir='ltr'>humanum</span> <span class='ocrx_word' id='word_1_41' title='bbox 510 1113 619 1174; x_wconf 74' lang='lat' dir='ltr'>genuS,</span> <span class='ocrx_word' id='word_1_42' title='bbox 634 1094 852 1176; x_wconf 80' lang='lat' dir='ltr'>quodcumque</span> <span class='ocrx_word' id='word_1_43' title='bbox 870 1105 926 1174; x_wconf 88' lang='lat' dir='ltr'>est,</span> <span class='ocrx_word' id='word_1_44' title='bbox 941 1097 1111 1178; x_wconf 89' lang='lat' dir='ltr'>quodcum·</span> 
     </span>
     <span class='ocr_line' id='line_1_9' title="bbox 160 1175 599 1254; baseline 0.007 -20"><span class='ocrx_word' id='word_1_45' title='bbox 160 1195 220 1254; x_wconf 85' lang='lat' dir='ltr'>que</span> <span class='ocrx_word' id='word_1_46' title='bbox 235 1175 303 1250; x_wconf 86' lang='lat' dir='ltr'>erit,</span> <span class='ocrx_word' id='word_1_47' title='bbox 316 1176 408 1236; x_wconf 90' lang='lat' dir='ltr'>morti</span> <span class='ocrx_word' id='word_1_48' title='bbox 427 1176 599 1238; x_wconf 86' lang='lat' dir='ltr'>damnatur.</span> 
     </span>
    </p>

    <p class='ocr_par' dir='ltr' id='par_1_6' title="bbox 159 1257 1111 1422">
     <span class='ocr_line' id='line_1_10' title="bbox 201 1257 1111 1344; baseline 0.008 -26"><span class='ocrx_word' id='word_1_49' title='bbox 201 1257 359 1319; x_wconf 90' lang='lat' dir='ltr'>Incertum</span> <span class='ocrx_word' id='word_1_50' title='bbox 373 1269 421 1320; x_wconf 91' lang='lat' dir='ltr'>est</span> <span class='ocrx_word' id='word_1_51' title='bbox 435 1258 467 1319; x_wconf 92' lang='lat' dir='ltr'>in</span> <span class='ocrx_word' id='word_1_52' title='bbox 482 1278 544 1337; x_wconf 91' lang='lat' dir='ltr'>quo</span> <span class='ocrx_word' id='word_1_53' title='bbox 567 1259 638 1322; x_wconf 90' lang='lat' dir='ltr'>loco</span> <span class='ocrx_word' id='word_1_54' title='bbox 657 1280 741 1321; x_wconf 90' lang='lat' dir='ltr'>mors</span> <span class='ocrx_word' id='word_1_55' title='bbox 763 1270 794 1323; x_wconf 89' lang='lat' dir='ltr'>te</span> <span class='ocrx_word' id='word_1_56' title='bbox 809 1271 957 1344; x_wconf 81' lang='lat' dir='ltr'>expetat3</span> <span class='ocrx_word' id='word_1_57' title='bbox 977 1271 1011 1325; x_wconf 89' lang='lat' dir='ltr'>tu</span> <span class='ocrx_word' id='word_1_58' title='bbox 1026 1261 1111 1325; x_wconf 90' lang='lat' dir='ltr'>illam</span> 
     </span>
     <span class='ocr_line' id='line_1_11' title="bbox 159 1339 532 1422; baseline 0.003 -22"><span class='ocrx_word' id='word_1_59' title='bbox 159 1339 190 1402; x_wconf 92' lang='lat' dir='ltr'>in</span> <span class='ocrx_word' id='word_1_60' title='bbox 205 1339 288 1401; x_wconf 91' lang='lat' dir='ltr'>omni</span> <span class='ocrx_word' id='word_1_61' title='bbox 303 1340 375 1402; x_wconf 89' lang='lat' dir='ltr'>loco</span> <span class='ocrx_word' id='word_1_62' title='bbox 390 1353 532 1422; x_wconf 88' lang='lat' dir='ltr'>expecta.</span> 
     </span>
    </p>

    <p class='ocr_par' dir='ltr' id='par_1_7' title="bbox 157 1422 1111 1650">
     <span class='ocr_line' id='line_1_12' title="bbox 201 1422 1109 1509; baseline 0.008 -26"><span class='ocrx_word' id='word_1_63' title='bbox 201 1422 267 1490; x_wconf 76' lang='lat' dir='ltr'>Qui</span> <span class='ocrx_word' id='word_1_64' title='bbox 282 1433 412 1485; x_wconf 89' lang='lat' dir='ltr'>mortem</span> <span class='ocrx_word' id='word_1_65' title='bbox 427 1423 515 1484; x_wconf 91' lang='lat' dir='ltr'>timet</span> <span class='ocrx_word' id='word_1_66' title='bbox 528 1445 591 1486; x_wconf 92' lang='lat' dir='ltr'>non</span> <span class='ocrx_word' id='word_1_67' title='bbox 612 1423 723 1507; x_wconf 88' lang='lat' dir='ltr'>effugit</span> <span class='ocrx_word' id='word_1_68' title='bbox 736 1446 816 1501; x_wconf 85' lang='lat' dir='ltr'>eam,</span> <span class='ocrx_word' id='word_1_69' title='bbox 831 1427 887 1488; x_wconf 89' lang='lat' dir='ltr'>sed</span> <span class='ocrx_word' id='word_1_70' title='bbox 901 1426 1027 1509; x_wconf 84' lang='lat' dir='ltr'>insuper</span> <span class='ocrx_word' id='word_1_71' title='bbox 1047 1426 1109 1490; x_wconf 89' lang='lat' dir='ltr'>hoc</span> 
     </span>
     <span class='ocr_line' id='line_1_13' title="bbox 158 1504 1111 1588; baseline 0.008 -23"><span class='ocrx_word' id='word_1_72' title='bbox 158 1504 258 1586; x_wconf 93' lang='lat' dir='ltr'>ipsum</span> <span class='ocrx_word' id='word_1_73' title='bbox 272 1506 342 1567; x_wconf 82' lang='lat' dir='ltr'>vitae</span> <span class='ocrx_word' id='word_1_74' title='bbox 365 1507 450 1587; x_wconf 88' lang='lat' dir='ltr'>quod</span> <span class='ocrx_word' id='word_1_75' title='bbox 471 1507 561 1568; x_wconf 86' lang='lat' dir='ltr'>datur</span> <span class='ocrx_word' id='word_1_76' title='bbox 582 1508 701 1588; x_wconf 84' lang='lat' dir='ltr'>perdit3</span> <span class='ocrx_word' id='word_1_77' title='bbox 724 1509 813 1571; x_wconf 72' lang='lat' dir='ltr'>anxie</span> <span class='ocrx_word' id='word_1_78' title='bbox 828 1510 912 1571; x_wconf 91' lang='lat' dir='ltr'>enim</span> <span class='ocrx_word' id='word_1_79' title='bbox 924 1509 1026 1573; x_wconf 88' lang='lat' dir='ltr'>vivere</span> <span class='ocrx_word' id='word_1_80' title='bbox 1047 1531 1111 1573; x_wconf 90' lang='lat' dir='ltr'>non</span> 
     </span>
     <span class='ocr_line' id='line_1_14' title="bbox 157 1588 754 1650; baseline 0.015 -2"><span class='ocrx_word' id='word_1_81' title='bbox 157 1597 207 1648; x_wconf 88' lang='lat' dir='ltr'>est</span> <span class='ocrx_word' id='word_1_82' title='bbox 220 1588 334 1650; x_wconf 86' lang='lat' dir='ltr'>vivere.</span> <span class='ocrx_word' id='word_1_83' title='bbox 751 1597 754 1604; x_wconf 66' lang='lat'><em>&#39;</em></span> 
     </span>
    </p>

    <p class='ocr_par' dir='ltr' id='par_1_8' title="bbox 156 1670 1110 1834">
     <span class='ocr_line' id='line_1_15' title="bbox 202 1670 1110 1754; baseline 0.007 -22"><span class='ocrx_word' id='word_1_84' title='bbox 202 1670 276 1732; x_wconf 93' lang='lat' dir='ltr'>Non</span> <span class='ocrx_word' id='word_1_85' title='bbox 291 1681 394 1753; x_wconf 87' lang='lat' dir='ltr'>potest</span> <span class='ocrx_word' id='word_1_86' title='bbox 406 1671 487 1735; x_wconf 72' lang='lat' dir='ltr'>male</span> <span class='ocrx_word' id='word_1_87' title='bbox 503 1673 591 1748; x_wconf 90' lang='lat' dir='ltr'>mori,</span> <span class='ocrx_word' id='word_1_88' title='bbox 606 1672 659 1754; x_wconf 93' lang='lat' dir='ltr'>qui</span> <span class='ocrx_word' id='word_1_89' title='bbox 683 1673 765 1736; x_wconf 90' lang='lat' dir='ltr'>bene</span> <span class='ocrx_word' id='word_1_90' title='bbox 786 1673 904 1751; x_wconf 88' lang='lat' dir='ltr'>vixerit,</span> <span class='ocrx_word' id='word_1_91' title='bbox 919 1683 952 1737; x_wconf 91' lang='lat' dir='ltr'>et</span> <span class='ocrx_word' id='word_1_92' title='bbox 965 1673 1015 1736; x_wconf 87' lang='lat' dir='ltr'>vix</span> <span class='ocrx_word' id='word_1_93' title='bbox 1029 1674 1110 1738; x_wconf 84' lang='lat' dir='ltr'>bene</span> 
     </span>
     <span class='ocr_line' id='line_1_16' title="bbox 156 1753 560 1834; baseline 0.002 -19"><span class='ocrx_word' id='word_1_94' title='bbox 156 1753 297 1830; x_wconf 88' lang='lat' dir='ltr'>moritur,</span> <span class='ocrx_word' id='word_1_95' title='bbox 312 1755 365 1834; x_wconf 91' lang='lat' dir='ltr'>qui</span> <span class='ocrx_word' id='word_1_96' title='bbox 379 1754 460 1815; x_wconf 78' lang='lat' dir='ltr'>malb</span> <span class='ocrx_word' id='word_1_97' title='bbox 476 1756 560 1816; x_wconf 90' lang='lat' dir='ltr'>vixit.</span> 
     </span>
    </p>

    <p class='ocr_par' dir='ltr' id='par_1_9' title="bbox 157 1836 1111 2002">
     <span class='ocr_line' id='line_1_17' title="bbox 200 1836 1111 1919; baseline 0.007 -21"><span class='ocrx_word' id='word_1_98' title='bbox 200 1836 288 1898; x_wconf 90' lang='lat' dir='ltr'>Nihil</span> <span class='ocrx_word' id='word_1_99' title='bbox 309 1838 365 1900; x_wconf 91' lang='lat' dir='ltr'>tibi</span> <span class='ocrx_word' id='word_1_100' title='bbox 381 1839 470 1917; x_wconf 76' lang='lat' dir='ltr'>aequb</span> <span class='ocrx_word' id='word_1_101' title='bbox 494 1838 636 1919; x_wconf 88' lang='lat' dir='ltr'>proficiet</span> <span class='ocrx_word' id='word_1_102' title='bbox 656 1838 695 1899; x_wconf 86' lang='lat' dir='ltr'>ad</span> <span class='ocrx_word' id='word_1_103' title='bbox 718 1839 953 1918; x_wconf 88' lang='lat' dir='ltr'>temperantiam</span> <span class='ocrx_word' id='word_1_104' title='bbox 973 1840 1111 1904; x_wconf 88' lang='lat' dir='ltr'>omnium</span> 
     </span>
     <span class='ocr_line' id='line_1_18' title="bbox 157 1920 1087 2002; baseline 0.005 -21"><span class='ocrx_word' id='word_1_105' title='bbox 157 1939 269 1996; x_wconf 87' lang='lat' dir='ltr'>rerum,</span> <span class='ocrx_word' id='word_1_106' title='bbox 283 1922 376 2000; x_wconf 73' lang='lat' dir='ltr'>quim</span> <span class='ocrx_word' id='word_1_107' title='bbox 390 1920 535 2000; x_wconf 82' lang='lat' dir='ltr'>frequens</span> <span class='ocrx_word' id='word_1_108' title='bbox 550 1920 701 2002; x_wconf 88' lang='lat' dir='ltr'>cogitatio</span> <span class='ocrx_word' id='word_1_109' title='bbox 715 1921 817 1983; x_wconf 91' lang='lat' dir='ltr'>brevis</span> <span class='ocrx_word' id='word_1_110' title='bbox 837 1922 905 1997; x_wconf 83' lang='lat' dir='ltr'>aevi,</span> <span class='ocrx_word' id='word_1_111' title='bbox 919 1931 952 1984; x_wconf 90' lang='lat' dir='ltr'>et</span> <span class='ocrx_word' id='word_1_112' title='bbox 966 1921 1087 1986; x_wconf 89' lang='lat' dir='ltr'>incerti.</span> 
     </span>
    </p>

    <p class='ocr_par' dir='ltr' id='par_1_10' title="bbox 155 2002 1110 2234">
     <span class='ocr_line' id='line_1_19' title="bbox 155 2002 1110 2086; baseline 0.002 -20"><span class='ocrx_word' id='word_1_113' title='bbox 155 2033 160 2044; x_wconf 87' lang='lat'><em>·</em></span> <span class='ocrx_word' id='word_1_114' title='bbox 199 2002 311 2079; x_wconf 87' lang='lat' dir='ltr'>Nemo,</span> <span class='ocrx_word' id='word_1_115' title='bbox 326 2004 401 2066; x_wconf 95' lang='lat' dir='ltr'>dum</span> <span class='ocrx_word' id='word_1_116' title='bbox 415 2003 517 2065; x_wconf 90' lang='lat' dir='ltr'>adhuc</span> <span class='ocrx_word' id='word_1_117' title='bbox 532 2003 616 2078; x_wconf 89' lang='lat' dir='ltr'>vivit,</span> <span class='ocrx_word' id='word_1_118' title='bbox 633 2003 743 2065; x_wconf 90' lang='lat' dir='ltr'>beatus</span> <span class='ocrx_word' id='word_1_119' title='bbox 757 2003 819 2065; x_wconf 84' lang='lat' dir='ltr'>dici</span> <span class='ocrx_word' id='word_1_120' title='bbox 840 2004 954 2083; x_wconf 81' lang='lat' dir='ltr'>debet3</span> <span class='ocrx_word' id='word_1_121' title='bbox 975 2006 1048 2086; x_wconf 90' lang='lat' dir='ltr'>quia</span> <span class='ocrx_word' id='word_1_122' title='bbox 1069 2005 1110 2069; x_wconf 90' lang='lat' dir='ltr'>ad</span> 
     </span>
     <span class='ocr_line' id='line_1_20' title="bbox 157 2085 1109 2172; baseline 0.004 -25"><span class='ocrx_word' id='word_1_123' title='bbox 157 2085 299 2150; x_wconf 90' lang='lat' dir='ltr'>ultimum</span> <span class='ocrx_word' id='word_1_124' title='bbox 326 2106 424 2168; x_wconf 89' lang='lat' dir='ltr'>usque</span> <span class='ocrx_word' id='word_1_125' title='bbox 455 2085 510 2149; x_wconf 89' lang='lat' dir='ltr'>sati</span> <span class='ocrx_word' id='word_1_126' title='bbox 540 2086 624 2150; x_wconf 89' lang='lat' dir='ltr'>diem</span> <span class='ocrx_word' id='word_1_127' title='bbox 655 2085 784 2169; x_wconf 87' lang='lat' dir='ltr'>ancipiti</span> <span class='ocrx_word' id='word_1_128' title='bbox 813 2086 944 2150; x_wconf 86' lang='lat' dir='ltr'>sortunae</span> <span class='ocrx_word' id='word_1_129' title='bbox 974 2089 1109 2172; x_wconf 87' lang='lat' dir='ltr'>subjecti</span> 
     </span>
     <span class='ocr_line' id='line_1_21' title="bbox 157 2189 270 2234; baseline 0.009 -2"><span class='ocrx_word' id='word_1_130' title='bbox 157 2189 270 2234; x_wconf 81' lang='lat' dir='ltr'>sumus.</span> 
     </span>
    </p>
   </div>
   <div class='ocr_carea' id='block_1_5' title="bbox 154 2336 1146 3165">
    <p class='ocr_par' dir='ltr' id='par_1_11' title="bbox 156 2336 1146 2732">
     <span class='ocr_line' id='line_1_22' title="bbox 198 2336 1109 2419; baseline 0.001 -19"><span class='ocrx_word' id='word_1_131' title='bbox 198 2337 286 2400; x_wconf 92' lang='lat' dir='ltr'>Mors</span> <span class='ocrx_word' id='word_1_132' title='bbox 314 2357 421 2401; x_wconf 88' lang='lat' dir='ltr'>omnes</span> <span class='ocrx_word' id='word_1_133' title='bbox 450 2337 531 2402; x_wconf 86' lang='lat' dir='ltr'>falce</span> <span class='ocrx_word' id='word_1_134' title='bbox 564 2337 619 2400; x_wconf 73' lang='lat' dir='ltr'>sub</span> <span class='ocrx_word' id='word_1_135' title='bbox 639 2336 788 2399; x_wconf 87' lang='lat' dir='ltr'>demetit:</span> <span class='ocrx_word' id='word_1_136' title='bbox 819 2337 971 2399; x_wconf 87' lang='lat' dir='ltr'>maximus</span> <span class='ocrx_word' id='word_1_137' title='bbox 992 2338 1109 2419; x_wconf 84' lang='lat' dir='ltr'>pietate</span> 
     </span>
     <span class='ocr_line' id='line_1_23' title="bbox 157 2419 1110 2502; baseline 0.001 -18"><span class='ocrx_word' id='word_1_138' title='bbox 157 2419 282 2498; x_wconf 79' lang='lat' dir='ltr'>AEneas,</span> <span class='ocrx_word' id='word_1_139' title='bbox 297 2421 567 2502; x_wconf 89' lang='lat' dir='ltr'>eloquentissimus</span> <span class='ocrx_word' id='word_1_140' title='bbox 581 2421 702 2496; x_wconf 85' lang='lat' dir='ltr'>Cicero,</span> <span class='ocrx_word' id='word_1_141' title='bbox 716 2419 882 2481; x_wconf 87' lang='lat' dir='ltr'>ditissimus</span> <span class='ocrx_word' id='word_1_142' title='bbox 902 2421 1030 2482; x_wconf 84' lang='lat' dir='ltr'>Crassus</span> <span class='ocrx_word' id='word_1_143' title='bbox 1045 2420 1110 2484; x_wconf 84' lang='lat' dir='ltr'>fato</span> 
     </span>
     <span class='ocr_line' id='line_1_24' title="bbox 156 2502 1110 2584; baseline -0.001 -19"><span class='ocrx_word' id='word_1_144' title='bbox 156 2505 311 2566; x_wconf 65' lang='lat' dir='ltr'>cecidere.</span> <span class='ocrx_word' id='word_1_145' title='bbox 369 2505 431 2567; x_wconf 95' lang='lat' dir='ltr'>Ubi</span> <span class='ocrx_word' id='word_1_146' title='bbox 456 2504 560 2567; x_wconf 86' lang='lat' dir='ltr'>Cato?</span> <span class='ocrx_word' id='word_1_147' title='bbox 596 2503 756 2584; x_wconf 84' lang='lat' dir='ltr'>expiravit.</span> <span class='ocrx_word' id='word_1_148' title='bbox 810 2502 873 2566; x_wconf 94' lang='lat' dir='ltr'>Ubi</span> <span class='ocrx_word' id='word_1_149' title='bbox 894 2503 958 2565; x_wconf 93' lang='lat' dir='ltr'>duo</span> <span class='ocrx_word' id='word_1_150' title='bbox 980 2503 1110 2566; x_wconf 86' lang='lat' dir='ltr'>fulnrina</span> 
     </span>
     <span class='ocr_line' id='line_1_25' title="bbox 157 2585 1109 2668; baseline 0.001 -20"><span class='ocrx_word' id='word_1_151' title='bbox 157 2586 243 2662; x_wconf 86' lang='lat' dir='ltr'>belli,</span> <span class='ocrx_word' id='word_1_152' title='bbox 269 2586 447 2668; x_wconf 85' lang='lat' dir='ltr'>Scipiadae?</span> <span class='ocrx_word' id='word_1_153' title='bbox 469 2587 634 2652; x_wconf 74' lang='lat' dir='ltr'>occidbre:</span> <span class='ocrx_word' id='word_1_154' title='bbox 655 2585 771 2648; x_wconf 86' lang='lat' dir='ltr'>nemini</span> <span class='ocrx_word' id='word_1_155' title='bbox 793 2585 919 2668; x_wconf 91' lang='lat' dir='ltr'>quidem</span> <span class='ocrx_word' id='word_1_156' title='bbox 938 2605 1022 2649; x_wconf 86' lang='lat' dir='ltr'>mors</span> <span class='ocrx_word' id='word_1_157' title='bbox 1040 2605 1109 2668; x_wconf 88' lang='lat' dir='ltr'>par·</span> 
     </span>
     <span class='ocr_line' id='line_1_26' title="bbox 156 2669 1146 2732; baseline -0.001 0"><span class='ocrx_word' id='word_1_158' title='bbox 156 2689 228 2732; x_wconf 86' lang='lat' dir='ltr'>cere</span> <span class='ocrx_word' id='word_1_159' title='bbox 243 2669 338 2731; x_wconf 90' lang='lat' dir='ltr'>novit.</span> <span class='ocrx_word' id='word_1_160' title='bbox 442 2719 444 2722; x_wconf 87' lang='lat'>.</span> <span class='ocrx_word' id='word_1_161' title='bbox 1144 2685 1146 2689; x_wconf 80' lang='grc'>’</span> 
     </span>
    </p>

    <p class='ocr_par' dir='ltr' id='par_1_12' title="bbox 154 2752 1109 3165">
     <span class='ocr_line' id='line_1_27' title="bbox 199 2752 1108 2836; baseline 0 -22"><span class='ocrx_word' id='word_1_162' title='bbox 199 2752 318 2814; x_wconf 88' lang='lat' dir='ltr'>Xerxes</span> <span class='ocrx_word' id='word_1_163' title='bbox 333 2752 385 2814; x_wconf 89' lang='lat' dir='ltr'>ille</span> <span class='ocrx_word' id='word_1_164' title='bbox 400 2775 453 2815; x_wconf 89' lang='lat' dir='ltr'>rex</span> <span class='ocrx_word' id='word_1_165' title='bbox 470 2753 710 2836; x_wconf 87' lang='lat' dir='ltr'>potentissimus,</span> <span class='ocrx_word' id='word_1_166' title='bbox 732 2753 785 2833; x_wconf 88' lang='lat' dir='ltr'>qui</span> <span class='ocrx_word' id='word_1_167' title='bbox 808 2753 958 2816; x_wconf 89' lang='lat' dir='ltr'>subvertit</span> <span class='ocrx_word' id='word_1_168' title='bbox 978 2762 1108 2829; x_wconf 88' lang='lat' dir='ltr'>montes,</span> 
     </span>
     <span class='ocr_line' id='line_1_28' title="bbox 155 2835 1109 2914; baseline 0.001 -19"><span class='ocrx_word' id='word_1_169' title='bbox 155 2835 313 2914; x_wconf 87' lang='lat' dir='ltr'>mariaque</span> <span class='ocrx_word' id='word_1_170' title='bbox 341 2839 519 2913; x_wconf 86' lang='lat' dir='ltr'>constravit,</span> <span class='ocrx_word' id='word_1_171' title='bbox 548 2839 619 2899; x_wconf 80' lang='lat' dir='ltr'>crim</span> <span class='ocrx_word' id='word_1_172' title='bbox 648 2839 687 2898; x_wconf 92' lang='lat' dir='ltr'>de</span> <span class='ocrx_word' id='word_1_173' title='bbox 716 2837 838 2898; x_wconf 88' lang='lat' dir='ltr'>sublimi</span> <span class='ocrx_word' id='word_1_174' title='bbox 863 2835 935 2897; x_wconf 85' lang='lat' dir='ltr'>loco</span> <span class='ocrx_word' id='word_1_175' title='bbox 956 2837 1109 2898; x_wconf 87' lang='lat' dir='ltr'>infinitam</span> 
     </span>
     <span class='ocr_line' id='line_1_29' title="bbox 156 2917 1109 2996; baseline -0.001 -18"><span class='ocrx_word' id='word_1_176' title='bbox 156 2917 314 2979; x_wconf 89' lang='lat' dir='ltr'>hominum</span> <span class='ocrx_word' id='word_1_177' title='bbox 328 2919 568 2996; x_wconf 88' lang='lat' dir='ltr'>multitudinem,</span> <span class='ocrx_word' id='word_1_178' title='bbox 591 2931 624 2982; x_wconf 89' lang='lat' dir='ltr'>et</span> <span class='ocrx_word' id='word_1_179' title='bbox 646 2918 901 2980; x_wconf 85' lang='lat' dir='ltr'>innumerabilem</span> <span class='ocrx_word' id='word_1_180' title='bbox 915 2917 1043 2978; x_wconf 89' lang='lat' dir='ltr'>vidisset</span> <span class='ocrx_word' id='word_1_181' title='bbox 1056 2937 1109 2977; x_wconf 87' lang='lat' dir='ltr'>ex·</span> 
     </span>
     <span class='ocr_line' id='line_1_30' title="bbox 154 2996 1108 3082; baseline -0.002 -21"><span class='ocrx_word' id='word_1_182' title='bbox 154 3001 297 3075; x_wconf 89' lang='lat' dir='ltr'>ercitum,</span> <span class='ocrx_word' id='word_1_183' title='bbox 311 3001 430 3062; x_wconf 86' lang='lat' dir='ltr'>flevisse</span> <span class='ocrx_word' id='word_1_184' title='bbox 445 3004 568 3078; x_wconf 88' lang='lat' dir='ltr'>dicitur,</span> <span class='ocrx_word' id='word_1_185' title='bbox 590 3003 672 3082; x_wconf 86' lang='lat' dir='ltr'>qubd</span> <span class='ocrx_word' id='word_1_186' title='bbox 686 3011 756 3082; x_wconf 90' lang='lat' dir='ltr'>post</span> <span class='ocrx_word' id='word_1_187' title='bbox 769 3010 896 3061; x_wconf 91' lang='lat' dir='ltr'>centum</span> <span class='ocrx_word' id='word_1_188' title='bbox 917 3019 1025 3075; x_wconf 88' lang='lat' dir='ltr'>anuos,</span> <span class='ocrx_word' id='word_1_189' title='bbox 1039 2996 1108 3060; x_wconf 92' lang='lat' dir='ltr'>nul-</span> 
     </span>
     <span class='ocr_line' id='line_1_31' title="bbox 155 3082 1033 3165; baseline -0.002 -18"><span class='ocrx_word' id='word_1_190' title='bbox 155 3082 203 3147; x_wconf 89' lang='lat' dir='ltr'>lus</span> <span class='ocrx_word' id='word_1_191' title='bbox 217 3104 334 3160; x_wconf 91' lang='lat' dir='ltr'>eorum,</span> <span class='ocrx_word' id='word_1_192' title='bbox 350 3105 427 3165; x_wconf 91' lang='lat' dir='ltr'>quos</span> <span class='ocrx_word' id='word_1_193' title='bbox 441 3107 526 3148; x_wconf 89' lang='lat' dir='ltr'>nunc</span> <span class='ocrx_word' id='word_1_194' title='bbox 541 3085 700 3159; x_wconf 83' lang='lat' dir='ltr'>cernebat,</span> <span class='ocrx_word' id='word_1_195' title='bbox 715 3082 926 3164; x_wconf 84' lang='lat' dir='ltr'>superfuturus</span> <span class='ocrx_word' id='word_1_196' title='bbox 940 3093 1033 3148; x_wconf 82' lang='lat' dir='ltr'>esset.</span> 
     </span>
    </p>
   </div>
   <div class='ocr_carea' id='block_1_6' title="bbox 477 3241 782 3296">
    <p class='ocr_par' dir='ltr' id='par_1_13' title="bbox 477 3241 782 3296">
     <span class='ocr_line' id='line_1_32' title="bbox 477 3241 782 3296; baseline -0.007 0"><span class='ocrx_word' id='word_1_197' title='bbox 477 3241 782 3296; x_wconf 81' lang='lat' dir='ltr'>ADOLESCENTIA.</span> 
     </span>
    </p>
   </div>
   <div class='ocr_carea' id='block_1_7' title="bbox 66 3330 1108 3663">
    <p class='ocr_par' dir='ltr' id='par_1_14' title="bbox 198 3330 1010 3412">
     <span class='ocr_line' id='line_1_33' title="bbox 198 3330 1010 3412; baseline -0.005 -18"><span class='ocrx_word' id='word_1_198' title='bbox 198 3331 242 3394; x_wconf 93' lang='lat' dir='ltr'>Ut</span> <span class='ocrx_word' id='word_1_199' title='bbox 255 3330 358 3393; x_wconf 88' lang='lat' dir='ltr'>brevis</span> <span class='ocrx_word' id='word_1_200' title='bbox 372 3331 572 3394; x_wconf 88' lang='lat' dir='ltr'>flosculorum</span> <span class='ocrx_word' id='word_1_201' title='bbox 586 3333 676 3406; x_wconf 88' lang='lat' dir='ltr'>nitor,</span> <span class='ocrx_word' id='word_1_202' title='bbox 691 3332 735 3392; x_wconf 88' lang='lat' dir='ltr'>ita</span> <span class='ocrx_word' id='word_1_203' title='bbox 749 3331 844 3412; x_wconf 87' lang='lat' dir='ltr'>fugax</span> <span class='ocrx_word' id='word_1_204' title='bbox 855 3332 1010 3412; x_wconf 87' lang='lat' dir='ltr'>juventas.</span> 
     </span>
    </p>

    <p class='ocr_par' dir='ltr' id='par_1_15' title="bbox 66 3413 1108 3663">
     <span class='ocr_line' id='line_1_34' title="bbox 199 3413 1107 3497; baseline -0.001 -22"><span class='ocrx_word' id='word_1_205' title='bbox 199 3413 237 3475; x_wconf 92' lang='lat' dir='ltr'>ln</span> <span class='ocrx_word' id='word_1_206' title='bbox 248 3415 410 3496; x_wconf 87' lang='lat' dir='ltr'>juventute</span> <span class='ocrx_word' id='word_1_207' title='bbox 432 3416 517 3497; x_wconf 87' lang='lat' dir='ltr'>viget</span> <span class='ocrx_word' id='word_1_208' title='bbox 531 3426 617 3490; x_wconf 84' lang='lat' dir='ltr'>aetas‚</span> <span class='ocrx_word' id='word_1_209' title='bbox 631 3414 735 3476; x_wconf 88' lang='lat' dir='ltr'>hilaris</span> <span class='ocrx_word' id='word_1_210' title='bbox 749 3425 798 3475; x_wconf 86' lang='lat' dir='ltr'>est</span> <span class='ocrx_word' id='word_1_211' title='bbox 811 3413 939 3486; x_wconf 88' lang='lat' dir='ltr'>animus,</span> <span class='ocrx_word' id='word_1_212' title='bbox 961 3421 995 3472; x_wconf 89' lang='lat' dir='ltr'>et</span> <span class='ocrx_word' id='word_1_213' title='bbox 1015 3430 1107 3474; x_wconf 86' lang='lat' dir='ltr'>omne</span> 
     </span>
     <span class='ocr_line' id='line_1_35' title="bbox 66 3492 1108 3586; baseline -0.001 -29"><span class='ocrx_word' id='word_1_214' title='bbox 66 3571 69 3578; x_wconf 30' lang='grc' dir='ltr'>Ι</span> <span class='ocrx_word' id='word_1_215' title='bbox 156 3495 338 3560; x_wconf 90' lang='lat' dir='ltr'>deliciarum</span> <span class='ocrx_word' id='word_1_216' title='bbox 373 3520 474 3579; x_wconf 88' lang='lat' dir='ltr'>genus</span> <span class='ocrx_word' id='word_1_217' title='bbox 509 3498 686 3568; x_wconf 87' lang='lat' dir='ltr'>inconstans</span> <span class='ocrx_word' id='word_1_218' title='bbox 718 3494 845 3575; x_wconf 88' lang='lat' dir='ltr'>expetit.</span> <span class='ocrx_word' id='word_1_219' title='bbox 899 3492 1108 3586; x_wconf 84' lang='lat' dir='ltr'>Leotychides</span> 
     </span>
     <span class='ocr_line' id='line_1_36' title="bbox 156 3579 1108 3663; baseline 0.002 -22"><span class='ocrx_word' id='word_1_220' title='bbox 156 3579 372 3662; x_wconf 84' lang='lat' dir='ltr'>iuterrogatus,</span> <span class='ocrx_word' id='word_1_221' title='bbox 388 3581 476 3648; x_wconf 76' lang='lat' dir='ltr'>Quid</span> <span class='ocrx_word' id='word_1_222' title='bbox 491 3581 680 3662; x_wconf 82' lang='lat' dir='ltr'>potissimirm</span> <span class='ocrx_word' id='word_1_223' title='bbox 696 3587 818 3660; x_wconf 86' lang='lat' dir='ltr'>oportet</span> <span class='ocrx_word' id='word_1_224' title='bbox 829 3595 941 3658; x_wconf 87' lang='lat' dir='ltr'>pueros</span> <span class='ocrx_word' id='word_1_225' title='bbox 956 3597 1108 3663; x_wconf 72' lang='lat' dir='ltr'>ingenuos</span> 
     </span>
    </p>
   </div>
   <div class='ocr_carea' id='block_1_8' title="bbox 0 0 1300 4194">
    <p class='ocr_par' dir='ltr' id='par_1_16' title="bbox 0 0 1300 4194">
     <span class='ocr_line' id='line_1_37' title="bbox 0 0 1300 4194; baseline 0 2"><span class='ocrx_word' id='word_1_226' title='bbox 0 0 1300 4194; x_wconf 95' lang='lat' dir='ltr'> </span> 
     </span>
    </p>
   </div>
  </div>
 </body>
</html>
