2590 4194
609 1032 716 1043 ———

194 1203 573 1294 COLLOQUIES
615 1205 783 1284 FROM
828 1203 1122 1283 ERASMUS.

311 1617 537 1673 SALUTANDI
560 1619 603 1674 IN
627 1609 750 1674 PRIMO
775 1619 1012 1674 CONGRESSU.

216 1770 290 1836 Nou
304 1786 415 1836 temere
431 1771 518 1836 docet
532 1775 660 1857 quidam,
674 1788 708 1836 ut
726 1773 881 1836 salutemus
905 1772 1038 1850 libenter,
1049 1769 1139 1836 cornis

172 1856 251 1917 enim
275 1871 305 1917 et
326 1857 434 1918 blanda
455 1858 589 1919 salutatio
610 1856 687 1940 sape
709 1859 843 1919 conciliat
866 1857 1032 1932 amicitiam,
1047 1856 1140 1918 inimi-

170 1938 269 2000 citiam
283 1937 384 2014 diluit;
405 1938 486 2001 certe
506 1954 638 2002 mutuam
659 1942 891 2002 benevolentiam
914 1941 964 2002 alit
984 1953 1138 2022 augetque.

172 2019 304 2092 Quidam
325 2042 418 2104 usque
441 2021 516 2082 aded
538 2023 662 2085 Demeae
685 2037 761 2098 sunt,
784 2024 957 2120 ingenioque
979 2023 1095 2106 agresti,
1108 2035 1140 2084 ut

171 2103 223 2164 vix
251 2104 367 2164 salutati
395 2105 562 2167 resalutent.
620 2106 775 2168 Nonnullis
803 2108 861 2168 hoc
889 2122 949 2168 vitu
977 2105 1140 2168 conciliavit

171 2185 305 2248 educatio
319 2187 414 2248 verilis
429 2188 517 2271 quam
532 2202 642 2250 natura.

213 2268 391 2333 Urbanitatis
405 2286 449 2335 est
463 2272 584 2334 salutare
606 2272 717 2349 obvios,
733 2286 783 2334 aut
804 2293 855 2334 eos
878 2272 927 2356 qui
948 2294 1001 2334 nos
1023 2271 1140 2348 adeunt,
1228 2351 1230 2354 Ι

172 2367 222 2417 aut
237 2375 310 2438 quos
324 2355 438 2417 adimus
453 2355 507 2438 ipsi
521 2357 707 2439 colloquendi
731 2357 830 2438 gratiis.

144 2463 151 2472 ·
214 2438 302 2500 Salve
316 2452 409 2521 pater,
424 2440 503 2501 salve
519 2441 688 2514 matercula,
703 2441 782 2502 salve
796 2441 837 2500 mi
855 2438 951 2514 frater,
966 2439 1046 2500 salve
1067 2459 1141 2521 prae·

170 2535 273 2605 ceptor
287 2522 480 2598 observande,
495 2523 575 2584 salve
590 2523 714 2584 multlun
729 2523 769 2584 mi
784 2537 896 2606 patrue,
910 2523 988 2584 salve
1012 2521 1141 2584 dulcissi-

171 2626 221 2666 me
236 2625 338 2686 nepos.

213 2685 368 2746 Urbanum
382 2699 426 2746 est
441 2687 549 2748 addere
575 2689 753 2767 cognationis
778 2701 828 2748 aut
849 2689 993 2750 affinitatis
1015 2688 1140 2763 titulum,

169 2765 224 2828 nisi
240 2766 308 2828 clun
323 2767 411 2827 habet
426 2768 532 2849 aliquid
546 2768 623 2842 odii;
646 2782 707 2828 tum
724 2769 801 2828 enim
818 2782 933 2848 praestat
948 2771 1025 2831 abuti
1047 2771 1142 2832 minus

172 2849 288 2933 quidem
305 2849 437 2932 proprie,
448 2849 501 2910 sed
515 2849 771 2932 plausibilioribus:
796 2850 885 2912 veluti
898 2850 966 2910 clim
981 2873 1141 2913 novercam

170 2934 329 2995 salutamus
357 2945 491 3008 matrem,
520 2932 683 3014 privignum
711 2932 814 3008 filium,
843 2931 975 2994 vitn'cum
1036 2945 1139 3010 utrem,

171 3017 277 3079 sororis
291 3015 427 3078 maritum
441 3015 568 3092 fratrem,
583 3015 675 3078 fratris
690 3037 813 3078 uxorem
828 3036 966 3077 sororem.
1011 2954 1095 3076 ldem
1112 3017 1140 3076 in

171 3100 260 3162 aetatis
275 3113 325 3160 aut
337 3099 500 3160 officiorum
514 3100 603 3162 titulis
618 3099 793 3161 laciendum.
837 3098 956 3160 Gratius
966 3098 1044 3160 enim
1055 3097 1141 3160 suerit

171 3183 195 3245 si
210 3204 312 3245 senem
327 3195 451 3264 patrem,
467 3196 516 3243 aut
530 3183 622 3244 virum
639 3183 790 3258 eximium,
806 3183 923 3258 salutes,
939 3182 1027 3266 quam
1050 3181 1141 3244 aetatis

172 3266 344 3351 cognomine
354 3286 362 3340 ;
376 3263 489 3326 etiamsi
501 3265 572 3326 olim
587 3266 704 3327 honoris
727 3266 818 3328 causi
842 3266 999 3328 dicebatur.
1052 3264 1140 3326 Salve

172 3349 319 3432 praefecte,
342 3349 422 3410 salve
444 3349 575 3409 tribune:
599 3370 658 3409 non
681 3362 791 3425 autem,
816 3349 905 3411 Salve
929 3349 1075 3432 caligarie,
1091 3361 1141 3409 aut

171 3433 321 3495 calcearia.
367 3431 455 3493 Salve
470 3431 651 3508 adolescens,
666 3433 744 3494 salve
755 3432 879 3516 juvenis.
925 3432 1018 3494 Senes
1030 3432 1140 3514 ignotos

172 3516 407 3577 adolescentulos
421 3515 546 3576 filiorum
559 3529 756 3596 cognomento
771 3517 913 3591 salutant3
937 3515 1139 3577 adolescentes

173 3595 297 3658 vicissim
312 3598 375 3659 illos
388 3611 486 3680 patres
502 3610 551 3660 aut
570 3597 713 3660 dominos.
