2590 4194
455 402 573 443 snrsur
597 400 789 452 cormeum.
1042 384 1101 444 135

184 541 246 608 Eu.
270 547 316 609 Ac
331 547 516 610 mihi'videor
530 547 736 630 repubescere.

182 629 242 692 Po.
266 631 348 704 Quot
358 653 446 692 annos
458 631 629 714 supputatis,
641 651 679 691 ex
695 651 753 712 quo
764 627 889 690 Lutetiae
903 626 1105 690 conviximus?

75 763 80 780 .
182 712 245 776 Eu.
269 715 408 790 Arbitror,
423 715 501 774 haud
517 714 668 796 pauciores
684 711 872 797 quadraginta
886 712 1008 772 duobus

181 797 242 860 Po.
266 798 346 858 Tum
363 797 532 858 videbamur
546 817 648 857 omnes
663 797 795 878 aequales.

180 879 242 942 Eu.
266 881 312 942 Ita
324 879 415 942 ferme
431 901 556 956 eramus,
573 893 622 940 aut
636 879 658 940 si
674 879 742 962 quid
764 891 825 940 erat
844 877 1023 954 discrimino,
1038 899 1092 960 per

136 965 272 1046 pusillum
287 980 355 1026 erat.
676 994 682 1005 ·
756 960 757 963 ¹

180 1046 240 1110 Pa.
264 1049 305 1110 At
320 1069 396 1110 nunc
416 1061 523 1143 quanta
545 1046 737 1129 inaequalitas!
783 1043 861 1106 Nam
885 1041 1011 1128 Glycion
1036 1044 1105 1106 nihil

136 1130 225 1193 habet
240 1134 320 1208 senii,
336 1145 366 1192 et
380 1132 465 1212 hujus
480 1151 550 1191 avus
565 1129 655 1190 videri
670 1142 756 1210 queat
770 1127 958 1211 Polygamua

180 1214 244 1276 Eu.
261 1214 402 1278 Profecto
413 1215 453 1275 sic
468 1235 515 1275 res
529 1215 625 1274 habet.
671 1211 754 1284 Quid
769 1212 811 1272 rei
825 1211 853 1272 in
868 1211 978 1272 causis?

179 1297 240 1360 Pu.
266 1296 372 1372 Quid?
393 1311 442 1360 aut
456 1297 505 1359 hio
520 1297 651 1374 cessavit,
667 1317 702 1358 ao
717 1295 818 1357 restitit
834 1295 861 1356 in
876 1316 972 1372 cursu,
987 1307 1037 1356 aut
1057 1294 1105 1356 ille

135 1384 297 1445 antevertit.
612 1456 614 1460 ,

176 1463 241 1527 Eu..
264 1467 353 1528 Ohe!
412 1487 470 1527 non
506 1478 620 1527 cessant
656 1463 724 1524 anni
765 1463 948 1546 quantumvis
989 1475 1105 1526 cessent

135 1547 280 1612 homines.
914 1609 917 1616 .

179 1631 241 1696 Po.
264 1633 325 1694 Dio
339 1631 418 1694 hond
431 1632 499 1708 fide,
515 1631 652 1714 Glyoion‚
668 1643 739 1714 quot
753 1651 844 1692 annos
858 1631 1012 1691 numeras?

185 1716 237 1778 Gt.
260 1717 366 1778 Plures
381 1715 469 1798 qu'am
484 1715 616 1777 ducatos.

179 1799 239 1865 Po.
263 1799 347 1873 Quot
360 1799 499 1861 tandem?

186 1884 239 1946 (Η.
265 1882 425 1965 Sexaginta
439 1903 494 1944 sex

179 1967 244 2031 Eu.
267 1967 297 2028 0
313 1965 383 2028 vere
398 1965 519 2028 Tithoni
533 1979 678 2042 senectus,
694 1965 772 2049 qudd
787 1965 876 2030 aiunt.

179 2051 239 2114 Po.
264 2050 325 2112 Sed
349 2049 453 2134 quibus
476 2049 596 2110 tandem
619 2049 725 2112 artibus
747 2063 909 2112 remorams
923 2069 956 2111 es
969 2061 1106 2112 senectu-

98 2207 99 2210 ,
136 2138 219 2199 tem?
254 2133 333 2196 Nam
362 2153 459 2217 neque
487 2132 607 2195 canities
635 2133 728 2210 adest,
754 2155 851 2218 neque
880 2155 983 2217 rugosa
1010 2133 1105 2210 outis;

137 2221 234 2304 vigent
254 2217 341 2294 oculi,
364 2218 435 2280 nitet
465 2216 600 2300 utrinque
622 2217 753 2280 dentium
774 2219 874 2296 series,
896 2219 976 2279 color
993 2216 1107 2280 vividus

136 2317 193 2381 est,
207 2323 312 2386 corpus
327 2301 537 2364 succulentum.

186 2385 235 2449 Gt.
259 2385 366 2448 Dicam
390 2399 464 2447 artes
487 2405 579 2460 meas,
602 2383 690 2446 modo
711 2399 743 2447 tu
765 2384 890 2447 vicissim
904 2403 1004 2444 narres
1024 2383 1108 2446 nobis

139 2485 214 2534 artes
228 2484 302 2546 tuas,
318 2469 421 2552 quibus
436 2481 615 2530 senectutem
630 2465 818 2530 accelerasti.

182 2554 240 2618 Po.
264 2553 392 2636 Recipio
409 2574 457 2614 me
480 2551 633 2614 facturum.
679 2552 738 2614 Dic
761 2552 856 2634 igitur,
880 2549 939 2636 quo
963 2564 992 2612 te
1007 2565 1108 2613 contu·

138 2639 204 2715 listi,
219 2636 320 2699 relicta
334 2635 471 2699 Lutetia?

187 2721 238 2784 Gt.
262 2719 360 2783 Recta
373 2721 401 2782 iu
417 2720 547 2804 patriam.
604 2719 664 2782 Illic
687 2734 882 2782 commoratus
904 2718 966 2782 sere
989 2741 1107 2795 annum,

139 2806 281 2890 dispicere
306 2805 385 2888 coepi
400 2805 437 2866 de
460 2803 612 2887 deligendo
627 2805 692 2867 vitae
716 2826 841 2887 genere3
871 2826 957 2888 quam
974 2826 1029 2886 ego
1044 2825 1107 2866 rem

140 2892 197 2952 nori
209 2891 274 2951 leve
285 2903 466 2952 momentum
477 2889 584 2950 habere
600 2889 690 2950 credo
705 2889 741 2948 ad
753 2888 926 2950 felicitatem.
972 2887 1108 2949 Circum-

140 2974 300 3058 spiciebam
317 2973 385 3056 quid
401 2972 508 3054 cuique
523 2973 705 3045 succederet,
715 2971 783 3053 quid
799 2991 892 3031 secus.

182 3057 242 3118 Po.
265 3055 357 3116 Miror
381 3056 431 3117 tibi
445 3069 555 3116 tantum
578 3053 665 3116 fuisse
680 3054 794 3130 mentis,
817 3053 886 3114 crim
900 3051 1026 3114 Lutetiae
1041 3051 1109 3113 nihil

140 3139 226 3202 fuerit
241 3151 271 3200 te
285 3139 432 3220 nugacius.

189 3220 240 3283 Gt.
266 3221 347 3282 Tum
373 3221 483 3284 serebat
509 3237 594 3300 aetas3
625 3235 786 3299 ettamen,
810 3221 839 3283 0
864 3222 950 3297 bone,
979 3241 1037 3280 non
1061 3217 1109 3280 hic

141 3326 210 3368 meo
224 3303 322 3366 Marte
337 3326 399 3366 rem
415 3328 533 3369 omnem
549 3307 633 3390 gessi.

183 3389 241 3452 Po.
271 3387 408 3450 Mirabar.
728 3451 731 3457 ,

189 3471 241 3534 Gt.
264 3471 439 3554 Priusquam
465 3473 622 3556 quidquam
645 3474 829 3556 aggrederer,
852 3472 909 3534 adii
933 3470 1110 3554 quendame

142 3557 262 3632 civibus,
277 3568 348 3616 natu
374 3557 523 3638 grandem,
539 3559 624 3640 longo
645 3579 741 3620 rerum
767 3579 820 3618 usu
845 3554 1110 3639 prudentissimum,

142 3642 288 3725 totiusque
314 3639 434 3701 civitatis
456 3641 619 3703 testimonio
641 3641 872 3724 probatissimum
894 3661 929 3702 ao
958 3659 1026 3701 meo
1048 3638 1111 3721 qui·

144 3726 213 3788 dem
223 3722 335 3808 judicio
351 3723 437 3785 etiam
452 3722 660 3790 felicissimum.

122 3882 124 3887 Ι
184 3807 247 3874 Eu.
272 3805 424 3909 Sapiebas.
