2570 4180
159 517 216 580 erit
248 515 336 580 vobis
367 517 521 598 praesidio,
557 529 589 580 et
616 521 753 586 deducet
785 540 839 582 vos
874 519 1040 598 aliquando
1069 541 1108 584 ex

159 600 296 682 AEgypto
317 601 349 662 in
370 601 529 682 regionem
554 622 647 682 quam
661 603 798 683 patribus
819 600 928 664 nostris
950 603 1108 681 promisit:

158 704 213 744 oro
227 706 281 746 vos
296 694 389 763 atque
404 685 543 745 obtestor
557 696 592 746 ut
606 686 680 746 illuc
696 706 766 746 ossa
780 702 850 742 mea
863 682 1043 762 deportetis,

202 767 323 829 Deinde
339 767 461 848 placide
485 767 581 829 obiit:
603 789 715 848 corpus
735 765 800 844 ejus
821 765 982 828 conditum
1004 777 1061 844 est,
1074 779 1107 830 et

159 849 191 911 in
206 849 478 932 feretropositum.

613 969 663 1022 80.

201 1069 326 1132 Interea
353 1070 467 1152 posteri
488 1065 607 1140 Jacobi,
632 1085 686 1124 seu
708 1063 845 1140 Hebraei,
872 1087 1000 1131 numero
1021 1072 1105 1132 aucti

159 1163 230 1214 sunt
254 1153 363 1214 mirum
385 1153 417 1213 in
438 1149 572 1220 modum,
595 1157 754 1207 eteorum
774 1147 940 1211 multitudo
962 1173 1106 1214 crescens

159 1235 191 1296 in
207 1235 274 1296 dies
287 1245 403 1297 metum
418 1230 590 1290 incutiebat
603 1227 770 1309 AEgyptiis

200 1317 269 1378 Rex
283 1332 377 1380 novus
399 1311 477 1373 nolio
491 1310 605 1390 potitus
627 1321 684 1384 est,
707 1311 760 1392 qui
783 1311 953 1394 Josephum
977 1337 1040 1380 nou
1062 1319 1105 1380 vi-

157 1401 252 1472 derat,
266 1415 325 1456 nec
339 1395 449 1456 merita
462 1393 529 1474 ejus
544 1393 773 1456 recordabatur.

200 1483 230 1544 Is
243 1477 345 1558 igitur,
360 1487 394 1538 ut
408 1475 559 1537 Hebraeos
574 1477 774 1556 opprimeret,
791 1480 921 1560 primlrm
936 1481 1020 1544 duris
1035 1481 1105 1544 illos

158 1561 312 1626 laboribus
334 1557 541 1634 conficiebat3
563 1559 675 1620 deinde
699 1561 795 1623 edixit
817 1563 911 1625 etiam
931 1575 966 1626 ut
986 1566 1104 1646 parvuli

157 1663 263 1706 eorum
275 1661 384 1702 recens
398 1638 463 1700 nati
478 1639 509 1699 in
524 1641 639 1702 flumen
654 1643 888 1724 projicerentur.

605 1763 655 1818 81.

195 1857 312 1940 Mulier
325 1859 463 1922 Hebraea
477 1860 598 1942 peperit
622 1859 853 1942 filiumsquem,
871 1885 966 1945 quum
987 1867 1105 1932 videret

153 1942 339 2022 elegantem,
354 1941 451 2004 voluit
465 1953 596 2005 servare.

196 2025 303 2096 Quare
332 2025 496 2088 abscondit
524 2047 596 2088 eum
621 2027 717 2089 tribus
738 2030 905 2107 mensibus
928 2033 983 2094 sed
1009 2053 1103 2113 quum

153 2129 215 2170 non
244 2119 347 2189 posset
368 2130 439 2170 eum
461 2109 576 2172 diutius
611 2112 778 2188 occultare,
801 2116 930 2196 sumpsit
952 2115 1103 2178 fiscellam

153 2191 313 2272 scirpeam,
329 2211 421 2272 quam
435 2192 534 2254 linivit
548 2193 698 2256 bitumine
714 2216 751 2256 ac
766 2197 848 2277 pice.

195 2274 316 2336 Deinde
339 2275 441 2355 posuit
462 2275 544 2337 intus
574 2277 767 2353 infantulum,
797 2290 829 2341 et
857 2281 1000 2362 exposuit
1032 2301 1104 2344 eum

155 2357 234 2418 inter
248 2358 413 2420 arundines
427 2359 503 2440 ripae
519 2359 662 2420 fluminis

194 2441 344 2503 Habebat
357 2461 464 2503 secum
478 2461 572 2504 unam
589 2443 735 2504 comitem
750 2463 885 2504 sororem
899 2444 995 2524 pueri,
1011 2464 1104 2524 quam

148 2523 240 2605 jussit
252 2534 333 2586 stare
348 2524 467 2604 procul,
481 2534 517 2586 ut
530 2535 674 2602 eventum
688 2524 732 2587 rei
747 2525 931 2607 exploraret.

606 2650 657 2707 82.

194 2747 270 2810 Mox
291 2747 355 2810 filia
378 2744 545 2812 Pharaonis
567 2749 650 2812 venit
682 2749 722 2811 ad
754 2749 879 2826 flumen,
903 2761 939 2813 ut
963 2751 1103 2815 ablueret

152 2852 274 2912 corpus.
332 2831 492 2912 Prospexit
519 2833 668 2894 fiscellam
700 2831 732 2893 in
761 2833 962 2895 arundinibus
984 2828 1104 2898 liaeren·

152 2924 224 2990 tem,
239 2914 383 2994 misitque
397 2914 471 2976 illuc
486 2935 580 2976 unam
594 2935 612 2976 e
627 2914 800 2976 famulabus
815 2916 887 2975 suis,

194 2997 312 3077 Aperta
333 2996 451 3058 fiscella
465 3018 596 3058 cernens
619 2995 778 3076 parvulum
798 2996 984 3076 vagientem,
998 2996 1091 3058 miser
1117 3023 1122 3030 ’

151 3091 184 3142 ta
205 3089 253 3146 est
274 3079 376 3140 illius:
397 3079 455 3141 iste
477 3089 534 3154 est,
557 3079 665 3159 inquit,
687 3098 766 3138 unus
788 3099 826 3138 ex
848 3077 1090 3143 infantibusHe

151 3163 316 3225 braeorum.
674 3165 681 3174 ”

194 3245 286 3305 Tunc
301 3265 385 3306 soror
407 3245 494 3324 pueri
519 3243 689 3306 accedens:
711 3243 819 3319 vis-ne,
834 3244 887 3318 ait,
901 3255 936 3306 ut
951 3264 1104 3306 arcessam

152 3325 313 3389 mulierem
334 3327 511 3401 Hebraeam,
527 3349 596 3405 quae
622 3327 736 3388 nutriat
760 3327 943 3406 parvulum?
966 3336 998 3386 et
1012 3344 1104 3384 voca·
1169 3363 1171 3368 -

152 3410 196 3472 vit
209 3418 338 3470 matrem
350 3431 359 3486 3
380 3408 432 3469 cui
447 3408 511 3470 filia
524 3410 690 3472 Pharaonis
704 3429 834 3490 puerum
848 3408 993 3470 alendum
1007 3405 1103 3481 dedit,

80 3499 81 3502 ’
153 3491 302 3576 promissa
315 3491 470 3552 mercede.
876 3547 878 3552 .

195 3575 305 3655 Itaque
329 3584 427 3636 mater
443 3575 569 3638 nutrivit
583 3597 722 3656 puerum,
747 3583 780 3636 et
801 3571 940 3634 adultum
969 3569 1103 3636 reddidit
1170 3587 1175 3594 ·
