2590 4194
156 395 219 458 114
462 407 582 452 narsus
606 405 799 458 conuocare.

563 599 648 654 OOL.
672 599 710 654 ll.

418 765 627 829 rinocurura,
649 741 875 816 mansuerus(
902 795 908 802 -

201 881 385 946 Vincentius.
409 883 536 945 Libetne
551 883 701 945 decertare
716 885 812 947 saltu?

195 965 387 1028 Laurentius.
411 966 516 1028 Ludus
529 967 584 1028 iste
598 989 657 1028 non
671 969 808 1030 convenit
821 969 941 1050 pransis.

202 1047 253 1110 Vi.
277 1048 502 1121 Quamobrem?

196 1130 257 1193 La.
282 1131 364 1204 Quia
378 1133 483 1194 ventris
499 1133 616 1194 saburra
630 1147 730 1216 gravat
744 1155 858 1216 corpus.

201 1213 245 1276 Vi
278 1215 347 1276 Nou
362 1216 520 1278 admodum
534 1215 605 1278 sane
620 1217 653 1278 iis
669 1217 717 1298 qui
732 1217 829 1298 pransi
848 1229 915 1278 sunt
935 1215 965 1280 in
987 1219 1121 1301 padago-

153 1297 209 1380 gio.
229 1297 334 1441 d‘Nam
345 1299 375 1362 hi
386 1300 558 1382 plerumque
568 1301 761 1384 ooenatun'unt
769 1300 936 1384 priusquam
945 1302 1120 1365 absolverint

175 1402 226 1442 ran
248 1403 317 1442 rum.

153 1401 174 1462 p
194 1463 254 1526 La.
278 1464 371 1536 Quod
385 1465 471 1548 igitur
484 1465 605 1527 saliendi
620 1487 712 1548 genus
726 1465 845 1547 placet?

200 1546 233 1610 V
231 1545 252 1608 i.
277 1547 473 1644 Auspicemur
487 1550 523 1612 ab
538 1569 575 1610 eo
591 1549 669 1632 quod
684 1563 727 1610 est
741 1549 984 1631 simplicissimum
1006 1571 1024 1610 a
1043 1551 1119 1612 saltu
1225 1614 1228 1617 .

151 1631 338 1706 locustarum,
353 1653 414 1693 sive
430 1633 522 1694 mavis
543 1653 687 1707 ranarum,
701 1631 824 1715 utraque
846 1632 926 1708 tibia,
941 1634 994 1694 sed
1011 1633 1119 1716 junctis

151 1715 282 1797 pedibus.
328 1714 391 1787 Qui
413 1713 579 1798 longissim'e
601 1716 778 1797 promoverit
799 1715 958 1798 cingulum,
980 1737 1118 1780 coronam

152 1796 234 1860 seret.
280 1797 377 1881 Hujus
392 1799 442 1860 ubi
456 1799 510 1860 erit
524 1799 651 1875 satietas,
666 1799 743 1860 aliud
758 1813 845 1882 atque
860 1799 937 1860 aliud
951 1819 1045 1882 genus
1066 1821 1118 1862 ex·
1214 1843 1219 1852 ·

174 1901 307 1942 eruemur.
611 1923 619 1934 .

151 1900 173 1962 P
192 1963 252 2026 La.
276 1962 423 2046 Equidem
438 1964 550 2026 nullum
564 1965 706 2026 recusabo
720 1985 822 2046 genus,
836 1963 893 2026 nisi
913 1963 991 2048 quod
1012 1964 1118 2046 gerittu

150 2065 219 2109 com
234 2046 362 2142 periculo
376 2046 526 2109 tibiarum:
542 2047 632 2108 nolim
646 2047 718 2108 mihi
731 2068 795 2108 rem
810 2069 874 2110 esse
888 2069 958 2118 cum
968 2047 1116 2132 chirurgis.

134 2147 139 2153 ’
198 2129 233 2192 V
230 2151 251 2192 c.
276 2128 359 2201 Quid
373 2129 396 2190 si
411 2143 558 2190 certemus
571 2129 658 2192 unica
672 2128 764 2194 tibia?
1167 2148 1169 2151 '

192 2211 252 2276 La.
276 2212 336 2274 Iste
351 2212 437 2274 ludus
451 2226 496 2274 est
510 2211 670 2294 Empusae3
691 2214 796 2275 valeat.

198 2295 232 2360 V
229 2295 250 2360 i.
275 2295 376 2358 Hasta
390 2295 523 2358 innixum
538 2297 620 2359 salire
635 2319 703 2359 cum
718 2297 817 2379 primis
831 2310 877 2359 est
891 2298 1017 2380 elegans.

192 2380 254 2444 La.
277 2379 441 2442 Liberalius
456 2395 499 2442 est
512 2394 623 2442 certare
638 2403 734 2443 eursu.
786 2381 938 2464 Siquidem
953 2382 1010 2444 hoc
1024 2394 1119 2444 certe·

150 2467 235 2530 minis
249 2485 340 2548 genus
355 2465 433 2546 apud
447 2462 601 2545 Virgilium
616 2463 766 2546 proposuit
781 2477 811 2525 et
825 2464 946 2527 AEneas.

198 2549 232 2613 V
230 2550 249 2611 ι’.
274 2547 396 2622 Verum,
412 2546 463 2608 sed
478 2547 557 2608 idem
572 2548 724 2630 proposuit
745 2559 776 2608 et
797 2561 937 2610 caestuum
957 2561 1118 2622 certamen,

151 2655 209 2716 quo
223 2653 282 2693 non
297 2630 434 2690 delector.

192 2713 252 2776 La.
277 2711 408 2791 Designa
430 2710 565 2770 stadium.
618 2709 687 2772 Hoc
710 2712 775 2772 loco
800 2712 835 2772 sit
859 2733 970 2788 carcer,
994 2733 1118 2795 quercus

299 2813 356 2852 ea.
650 2845 654 2852 .

123 2935 126 2940 .
149 2808 253 2942 missit
267 2807 335 2938 1gell
349 2874 460 2936 utinam
475 2873 590 2935 adesset
605 2873 726 2950 AEneas,
738 2873 788 2956 qui
801 2887 944 2956 proponat
958 2887 988 2936 et
1000 2877 1118 2958 premia

149 2975 261 3108 magr.
275 3042 387 3105 Victori
402 3038 519 3102 abunde
533 3061 672 3124 magnum
686 3040 838 3122 premium
852 3052 897 3101 est
911 3021 1010 3122 gloria.

196 3128 250 3192 Vi.
273 3126 361 3187 Victo
376 3125 471 3207 potius
497 3124 627 3184 dandum
642 3137 704 3184 erat
725 3123 885 3206 premium,
901 3123 994 3186 solatii
1015 3122 1117 3206 gratid.

189 3211 251 3274 Lu.
274 3209 320 3272 Sit
334 3209 418 3292 igitur
432 3207 509 3268 ricto
524 3207 686 3289 premium,
698 3219 730 3268 ut
744 3205 834 3288 lappa
846 3220 1000 3268 coronatus
1015 3207 1117 3268 redeat

148 3297 178 3358 in
192 3296 304 3356 urbem.
654 3325 656 3331 ·

196 3375 250 3441 Vr.
280 3374 429 3460 Equidem
457 3395 515 3436 non
543 3370 711 3449 recusarint,
739 3373 763 3435 si
791 3385 824 3434 tu
861 3374 1011 3456 precedes
1048 3371 1119 3434 tibia

147 3482 268 3525 canens.
429 3509 432 3514 ·

189 3541 250 3604 Lu.
274 3541 331 3603 Est
345 3541 445 3623 ingens
461 3553 555 3602 aestus.

83 3653 87 3658 ¹·
194 3623 230 3688 V
226 3623 250 3685 i.
273 3624 341 3686 Nec
355 3624 461 3686 mirum
475 3624 545 3686 cum
559 3623 595 3686 sit
609 3621 764 3686 solstitium
779 3622 920 3686 estivam
