2570 4180
597 333 642 404 10
692 405 697 416 k
733 353 746 369 ·

494 510 569 584 Tae
594 512 762 586 Relatiee.

370 705 462 768 rem,
478 705 510 756 rc
525 707 690 771 aa-smrn,
704 709 718 773 t
732 709 755 758 1.
770 708 795 758 a
812 710 838 772 r,
848 710 872 759 5.

191 794 222 867 F
222 797 311 870 ortis
336 811 392 872 est
416 822 478 894 qur
502 824 542 874 se
568 801 692 876 vincit.

189 891 387 990 Nunquam
412 904 512 973 recte
538 898 661 988 faciet,
687 900 749 996 qui
775 896 850 975 cito
876 901 1005 976 credit.

190 989 291 1066 Leve
316 993 368 1082 fit,
393 997 490 1090 quod
516 999 610 1095 bene
636 999 760 1088 fertur,
785 1021 888 1072 onus.

188 1087 276 1163 Non
301 1115 382 1165 sum
407 1117 516 1189 quem
540 1108 660 1191 putaa

187 1185 289 1261 Nihil
306 1193 477 1287 estquod
494 1216 569 1266 nen
586 1207 772 1291 expugnet
787 1195 952 1292 pertinax
968 1216 1090 1293 opera.

189 1283 292 1360 Felix
317 1300 373 1361 est
397 1313 505 1384 quem
531 1290 635 1363 Deus
658 1292 788 1388 diligit.

408 1651 483 1724 Tire
507 1651 681 1750 Infinitive
706 1651 822 1724 Mood.

388 1825 479 1885 rem,
494 1824 526 1873 n.
542 1825 691 1886 a-sman,
705 1825 718 1887 a
734 1825 756 1872 1.
767 1824 831 1872 ne.

184 1926 332 2001 Nocere
358 1927 467 2002 facile
493 1940 559 2016 est,
585 1929 759 2024 prodesse
784 1927 944 2002 difficile.

184 2023 348 2099 Noscere
374 2026 534 2123 seipsum
559 2027 718 2100 maxima
742 2025 922 2122 sapientia
946 2039 1014 2100 est.

184 2121 270 2197 Non
296 2125 472 2198 dimicare
499 2125 567 2198 suit
591 2124 749 2199 vincere.
889 2203 891 2208 ,

184 2219 360 2319 Progredi
386 2224 538 2296 arduum
562 2235 629 2311 est,
656 2223 799 2319 regredi
824 2223 1080 2320 periculosum.

369 2421 460 2501 nram,
475 2420 508 2469 n.
524 2385 686 2481 ao-Snau,
699 2419 712 2484 ς
726 2419 750 2468 c.
761 2419 793 2468 n.
803 2418 859 2481 aa.

182 2518 311 2593 Emori
334 2521 457 2616 cupio.

183 2615 328 2690 Tacere
354 2641 508 2711 nequeo.

182 2715 288 2787 Ande
315 2726 550 2787 contemnere
575 2737 676 2811 opes.

181 2811 309 2885 Amitti
334 2812 445 2885 virtus
469 2833 543 2884 non
567 2821 699 2908 potest.

181 2909 337 3008 Pigebat
361 2921 399 2983 et
423 2910 687 2985 consistereet
710 2909 892 3006 progredi.

180 3007 289 3083 Vinci
313 3015 420 3103 quam
445 3007 590 3082 vincere
615 3006 753 3082 maluit

179 3105 238 3182 Ne
264 3119 383 3180 tentes
407 3108 504 3202 quod
529 3107 628 3180 effici
652 3128 726 3179 non
751 3117 883 3204 potest.

183 3205 295 3301 Sequi
320 3203 436 3302 gloria
460 3226 533 3278 non
559 3204 683 3301 appeti
707 3203 828 3278 debet

379 3402 471 3465 num,
486 3402 519 3452 n.
533 3400 684 3463 r.-smrn,
697 3399 710 3465 a
724 3400 748 3450 e.
758 3399 791 3450 a
801 3399 826 3451 r.

180 3495 238 3568 Te
263 3494 402 3570 salvum
428 3497 570 3569 venisse
596 3495 753 3591 gaudeo.

180 3592 301 3667 Nemo
326 3617 365 3668 se
391 3617 540 3668 avarum
564 3618 645 3668 esse
670 3591 849 3688 intelligit.
