2570 4180
558 305 562 312 ’
630 336 680 422 a

227 511 348 586 Pudore
363 513 484 591 amiss0,
499 513 598 581 omnis
611 514 706 576 virtus
720 512 789 576 ruit.

228 595 303 660 Sole
317 598 445 675 oriente,
456 597 579 680 fugiunt
593 599 741 660 tenebra.

227 679 336 743 Otium
346 681 450 744 omnia
462 682 545 743 mala
558 683 652 743 docet
666 680 891 742 adolescentes.

228 761 311 826 Dum
327 764 425 828 vitant
439 765 523 830 stulti
538 765 622 840 vitia,
637 765 669 826 in
684 765 839 827 contraria
852 771 989 827 currunt.

228 928 348 992 Codrus
362 951 418 1012 pro
433 932 531 1012 patria
543 943 681 994 mortuus
696 941 753 993 est.

228 1011 331 1075 Deum
345 1015 541 1096 agnoscimus
556 1037 594 1077 ex
608 1015 753 1097 operibus
767 1014 843 1097 ejus.

228 1094 330 1159 Video
342 1098 471 1160 meliora
485 1099 654 1180 proboque,
669 1098 823 1160 deteriora
837 1116 957 1178 sequor.

230 1178 285 1240 Sol
300 1179 332 1242 in
345 1182 448 1244 media
461 1181 567 1244 mundi
583 1183 655 1244 sede
671 1178 800 1242 locatur.

229 1260 303 1324 Fert
316 1263 476 1327 Britannia
490 1287 597 1328 aurum
613 1276 645 1328 et
659 1276 831 1346 argentum.

229 1340 427 1428 Reipublicae
443 1349 519 1412 nihil
534 1349 600 1430 spei
615 1348 765 1428 reliquum
781 1358 838 1409 est.

230 1427 327 1495 Quod
342 1433 463 1512 assequi
478 1453 541 1494 non
555 1442 666 1513 polest,
682 1433 768 1510 sequi
782 1430 904 1493 desinit.

230 1510 358 1576 Desidia
370 1536 482 1598 corpus
497 1516 677 1598 animusque
692 1515 927 1598 *corrumpitun

231 1679 355 1744 Nobilis
369 1702 466 1764 equus
481 1683 589 1747 umbra
602 1683 697 1766 virgae
713 1704 835 1765 quoque
850 1683 988 1765 regitur3

231 1763 364 1846 Ignarus
378 1787 418 1828 ne
433 1766 548 1830 calcari
563 1767 688 1847 quidem
702 1767 852 1829 concitari
867 1777 978 1849 potest.

231 1845 325 1908 Ferro
338 1859 487 1928 germtur
501 1850 594 1924 bella,
609 1871 671 1911 non
686 1871 771 1912 auro.

231 1927 346 1992 Omnia
360 1931 500 1994 breviora
514 1933 534 1970 ἕ
544 1933 654 1994 reddet
668 1934 753 2009 ordo,
768 1943 801 1996 et
814 1933 934 1997 modus.

231 2011 382 2094 Agricola
395 2014 520 2077 incurvo
534 2026 645 2078 terram
660 2017 787 2079 dimovit
801 2028 912 2080 aratra.

231 2094 433 2160 Incolumitas
446 2100 589 2161 etdecus
603 2100 713 2162 eodem
728 2100 797 2163 loco
812 2101 870 2164 sita
883 2111 964 2164 sunt.

232 2176 341 2242 Omnis
355 2181 449 2243 virtus
464 2183 494 2244 irr
510 2183 633 2245 actione
649 2184 798 2246 consistit.

233 2261 321 2330 Quid
335 2265 436 2327 verbis
450 2287 528 2350 opus
542 2267 613 2330 est?
636 2267 820 2350 Spectemur
835 2270 967 2352 agendo.

232 2429 420 2496 Reluctante
435 2435 554 2512 natura,
569 2435 670 2498 irritus
684 2435 772 2499 labor
786 2445 843 2498 est.

233 2514 270 2576 In
285 2514 358 2597 suga
372 2517 503 2581 salutem
518 2537 650 2600 sperare,
665 2520 821 2582 dementia
836 2529 892 2583 est.

179 2675 183 2684 .
233 2596 402 2677 Nunquam
416 2602 584 2664 eminentia
598 2604 713 2664 invidia
727 2614 845 2666 carent.

233 2678 356 2760 Ignavis
372 2683 516 2761 precibus
531 2685 654 2745 fortuna
667 2695 831 2766 repugnat.

233 2760 384 2824 Homines
399 2764 530 2844 amplius
545 2767 643 2826 oculis
658 2767 749 2845 quam
764 2766 888 2826 auribus
902 2765 1043 2828 credunt.

233 2844 307 2906 Non
321 2855 369 2907 est
383 2856 502 2908 rectum
515 2847 625 2910 minori
641 2868 747 2928 parere
761 2847 933 2928 majorem.¹

235 2927 366 2991 Praestat
380 2930 495 2992 nemini
509 2931 659 3012 imperare
674 2931 766 3011 quam
781 2929 875 2991 alicui
890 2929 1013 2992 servire.

234 3011 373 3094 Insignia
386 3013 504 3076 virtutis
517 3015 606 3077 multi
621 3015 687 3077 sine
702 3015 812 3076 virtute
827 3013 961 3076 assecuti
976 3023 1057 3078 sunt.

193 3177 291 3322 Paga
304 3198 388 3260 saepe
403 3179 538 3243 scintilla
551 3191 731 3263 contempta
744 3201 892 3264 magnum
906 3181 1022 3244 excitat
1035 3180 1143 3247 inc'en·

258 3281 331 3323 rum.

194 3344 394 3428 Pythagoras,
408 3344 481 3408 ciam
494 3345 527 3408 in
540 3348 711 3428 geometria
725 3349 869 3429 quaedam
881 3345 953 3412 novi
968 3345 1142 3424 invenisset,

168 3435 173 3442 “
236 3429 331 3491 musis
346 3429 456 3492 bovem
471 3429 643 3494 immolasse
658 3432 781 3495 dicitur.

11 3589 12 3626 l
224 3563 238 3588 ⁹
249 3560 306 3608 Tha
317 3561 377 3632 verb
396 3561 457 3610 haro
474 3577 563 3626 agrees
581 3564 643 3612 with
651 3579 698 3613 one
709 3564 740 3616 of
751 3566 795 3615 the
812 3563 989 3626 substantivas,
1000 3565 1049 3614 aud
1067 3561 1145 3616 idun·

11 3635 14 3688 l
194 3621 310 3670 dorstood
319 3623 679 3688 withrespacttothcothers.
