2590 4194
189 336 249 398 lae
497 349 615 394 umam
638 349 828 404 ooanoeurr.

226 494 284 562 Po.
308 498 350 562 At
363 512 430 562 sunt
444 499 578 583 quedam
592 498 711 583 injurie,
727 520 790 582 qua
813 495 860 560 vel
875 497 1067 580 placidissimo
1081 519 1146 561 rno-

184 597 272 730 peaut
286 584 486 646 stomachum:
509 584 581 645 tales
603 598 670 646 sunt
684 583 848 666 frequenter
872 596 902 643 et
916 581 1154 646 samulomm·os-.

196 689 283 730 ense.

231 750 280 813 Gt.
304 749 386 813 Nihil
401 772 457 834 ego
471 749 563 834 patior
577 751 704 812 residere
719 749 747 812 in
770 751 867 812 animo
888 771 971 813 meo:
996 749 1019 812 si
1034 749 1143 812 mederi

184 857 301 919 queam,
324 837 464 913 medeor3
486 835 528 894 sin
552 835 656 909 mimis,
672 835 712 895 sic
727 836 841 916 cogito:
866 833 935 917 quid
955 834 1084 917 proderit
1097 855 1145 894 me

183 919 265 1000 ringi,
281 940 312 980 re
336 919 424 980 nihild
438 919 540 980 melitis
556 917 708 980 lrahhurtl?
742 917 826 990 Quid
841 917 956 981 multis?
1001 918 1100 979 Patior
1115 930 1147 977 ut

184 1002 241 1063 hoe
256 1023 327 1062 mox
348 1003 486 1084 impetret
511 1011 535 1063 a'
553 1023 601 1062 me
626 1003 708 1076 ratic,
732 1002 808 1085 quod
834 1000 919 1084 paulo
943 1015 1008 1084 post
1032 1017 1147 1084 tempus

184 1099 262 1147 esset
283 1085 513 1168 impetraturum.
570 1084 662 1146 Certe
677 1086 771 1146 nullus
785 1100 830 1146 est
844 1099 939 1146 tantus
954 1085 1041 1146 aniani
1065 1084 1148 1145 dolor

184 1190 272 1251 quem
289 1170 379 1252 patiar
394 1182 511 1232 mecum
526 1170 566 1230 ire
582 1169 723 1230 cubitum.
1010 1181 1013 1189 '

227 1251 289 1314 Eu.
312 1251 394 1314 Nihil
409 1254 514 1316 mimm
529 1253 552 1313 si
567 1267 597 1312 tu
613 1273 671 1312 non
686 1251 823 1327 senescis,
839 1252 886 1332 qui
901 1252 949 1312 tali
964 1251 1001 1312 sis
1017 1250 1122 1311 animo.

231 1334 280 1396 Gt.
304 1337 404 1418 Atque
427 1335 502 1396 aded
523 1356 561 1396 ne
587 1335 655 1416 quid
680 1334 817 1394 reticeam
843 1335 919 1416 apud
943 1334 1061 1407 amicos,
1076 1355 1145 1394 oum

205 1419 283 1478 rimis
296 1419 361 1480 cavi
376 1440 413 1480 ne
428 1419 495 1502 quid
512 1417 608 1499 flagitii
623 1417 833 1478 committerem
850 1417 928 1499 quod
942 1418 989 1478 vel
1005 1416 1075 1477 mihi
1097 1417 1146 1477 vel

183 1440 281 1564 liberis
294 1501 368 1563 meis
382 1503 488 1584 probro
502 1523 566 1563 esse
578 1515 693 1583 posset;
717 1500 785 1560 nihil
797 1501 874 1561 enirn
890 1500 1069 1582 irrequietins
1083 1499 1147 1559 ani-

184 1607 235 1648 mo
259 1585 313 1646 sihi
334 1585 414 1647 male
437 1585 565 1648 conscio.
619 1583 713 1656 Qudd
735 1583 759 1643 si
782 1583 849 1666 quid
871 1584 963 1665 culpae
988 1583 1146 1643 admissum

186 1681 242 1745 est,
256 1690 315 1730 non
340 1691 377 1731 eo
401 1670 532 1732 cubitum
556 1667 646 1750 priris,
670 1666 757 1750 qu'am
781 1687 830 1727 me
855 1666 925 1727 Deo
945 1664 1144 1727 reconciliato.

147 1759 152 1775 '
186 1751 272 1814 Verae
295 1753 501 1838 tranquillitatis
524 1751 587 1814 sons
612 1765 657 1812 est
680 1749 756 1812 bene
780 1750 934 1811 convenire
962 1771 1030 1811 cum
1059 1748 1146 1827 Deo;

186 1857 255 1898 uam
281 1837 331 1919 qui
346 1837 388 1898 sic
412 1837 522 1912 vivunt,
541 1835 586 1896 his
610 1856 666 1896 nee
688 1834 819 1895 homines
839 1854 1016 1916 magnopere
1039 1853 1145 1894 necere

186 1933 319 2001 possunt.

227 2001 288 2062 Eu.
312 2000 342 2062 N
345 2023 393 2062 um
409 2003 526 2084 quando
540 2015 568 2063 te
583 2001 692 2062 cruciat
706 2015 801 2062 metus
816 2001 936 2064 mortis?

232 2083 282 2145 Gl.
305 2083 408 2146 Nihild
422 2084 513 2166 magis
529 2084 616 2166 quiam
639 2099 767 2146 macerat
784 2085 846 2145 dies
860 2084 1021 2147 nativitatis.
1078 2083 1146 2146 Soio

185 2166 367 2230 moriendum
379 2188 388 2243 ;
416 2168 469 2229 ista
491 2168 641 2230 solicitudo
663 2166 790 2230 fortassis
814 2168 921 2231 adimat
942 2168 1014 2230 mihi
1038 2168 1147 2251 aliquot

106 2305 108 2312 .
185 2251 248 2314 vite
263 2251 336 2327 dies,
361 2249 441 2314 certe
463 2251 532 2312 nihil
546 2265 645 2334 posset
658 2250 816 2335 adjicere;
847 2251 944 2334 itaque
958 2265 1049 2314 totam
1071 2253 1146 2314 hano

184 2357 286 2398 curam
300 2336 412 2419 superis
427 2336 587 2398 committo.
631 2334 699 2417 lpse
721 2335 792 2396 nihil
814 2335 981 2412 aliudeuro,
1006 2335 1093 2420 quiam
1115 2348 1146 2396 ut

185 2419 261 2482 bend
285 2421 469 2505 suaviterque
484 2419 601 2496 vivam3
627 2441 684 2481 non
699 2433 795 2501 potest
815 2433 914 2481 autem
936 2419 1070 2495 suaviter,
1091 2416 1146 2480 nisi

186 2504 235 2586 qui
250 2502 335 2566 bend.

225 2586 285 2649 Pu.
309 2587 352 2648 At
374 2609 430 2668 ego
444 2607 627 2648 senescerem
644 2586 740 2662 tedio,
754 2588 777 2648 si
792 2602 834 2648 tot
852 2609 941 2649 annos
963 2588 1101 2671 degerem
1117 2585 1144 2647 in

183 2667 289 2730 eidem
305 2669 387 2741 urhe,
401 2669 512 2729 etiamsi
528 2669 632 2728 Romae
647 2670 792 2749 contingat
808 2670 916 2730 vivere.

230 2747 279 2808 Gt.
304 2747 405 2808 Habet
419 2749 538 2828 quidem
550 2749 605 2807 loci
617 2750 738 2808 mutatio
753 2751 906 2830 voluptatis
920 2751 1068 2826 nonnihil;
1084 2753 1148 2814 lon-

181 2831 295 2914 ginquae
315 2828 386 2890 verd
407 2828 649 2912 peregrinationes
671 2843 704 2890 ut
728 2830 908 2910 prudentiam
924 2831 1035 2893 addunt
1045 2833 1147 2894 sortas-

181 2914 230 2990 sis,
249 2910 289 2976 itit
302 2913 456 2997 plurimum
479 2911 586 2974 habent
608 2910 808 2992 periculorum.
853 2911 930 2974 lllihi
943 2914 1043 2976 videor
1057 2917 1146 2977 tutitis

181 3011 275 3060 totum
296 2997 397 3058 orbem
420 2995 499 3058 obire
528 2995 556 3056 in
578 2993 678 3057 tabulit
699 2995 903 3078 geographici,
933 3017 1029 3079 neque
1058 2998 1146 3080 pauli)

202 3081 248 3142 lus
272 3079 426 3142 viderevin
452 3078 586 3154 historiis,
613 3078 702 3160 quim
726 3078 750 3139 si
775 3079 873 3160 viginti
898 3093 973 3141 totos
993 3100 1094 3156 annos,
1108 3081 1146 3143 ad

216 3162 300 3246 lyssis
315 3162 495 3244 exemplum,
517 3182 571 3244 per
596 3181 699 3222 omnes
713 3175 801 3222 terras
818 3161 964 3244 mariaque
985 3163 1144 3225 volitarem.

183 3245 291 3308 Habeo
306 3245 484 3328 praediolum,
504 3243 580 3325 quod
596 3243 677 3304 abest
689 3243 725 3304 ab
740 3244 811 3303 urhe
822 3263 879 3304 non
894 3243 960 3324 plds
970 3245 1057 3326 quim
1073 3247 1147 3306 duo·

174 3329 238 3390 'hus
251 3329 375 3390 millibus
388 3347 526 3422 passuum
538 3348 547 3402 3
562 3325 600 3386 ibi
614 3347 822 3407 nonnunquam
837 3347 876 3386 ex
886 3327 996 3387 urbano
1010 3328 1048 3388 lio
1063 3327 1147 3388 rusti·

181 3432 256 3490 eus3
278 3425 364 3493 atque
387 3409 426 3470 rbi
447 3421 603 3481 recreams,
624 3409 715 3470 redeo
737 3427 829 3468 novus
845 3407 951 3488 hospes
971 3408 999 3468 in
1023 3410 1145 3486 urbern3

182 3514 239 3554 nee
254 3494 334 3555 aliter
346 3492 439 3552 saluto
461 3511 496 3551 ac
518 3489 625 3550 salutor
648 3489 735 3570 quim
757 3489 781 3550 si
802 3487 1016 3571 renavigissem
1041 3511 1079 3551 ex
1101 3490 1145 3551 iu·

181 3573 252 3634 stilis
265 3595 305 3634 nu
327 3594 360 3633 er
372 3571 507 3634 inventis.
733 3619 735 3624 .

223 3651 286 3712 Eu.
305 3595 380 3744 ll⁰l¹
393 3653 514 3747 adjuvas
529 3651 725 3715 valetudinem
739 3651 923 3747 phannacis?

228 3729 279 3792 Gl.
301 3730 468 3798 erulmrhi
489 3735 533 3799 rei
557 3755 627 3800 cum
650 3733 781 3800 medicis.
824 3733 894 3800 Nee
914 3733 1003 3798 incidi
1038 3753 1144 3800 venam
