2570 4180
608 335 765 404 39.

194 512 260 582 eui
292 513 536 593 responderunt:
568 514 694 574 obvenit
729 513 818 575 nobis
853 515 1013 592 somnium,
1041 535 1101 578 nec

151 595 314 676 quisquam
329 605 377 657 cst
391 595 443 675 qui
458 591 535 657 illud
548 596 638 658 nobis
653 596 880 677 interpretetur.
1124 621 1127 626 ·

195 679 318 754 Nonne,
337 679 436 758 inquit
455 678 617 760 Josephus,
642 679 701 740 Dei
724 680 818 741 solius
839 691 887 742 cst
908 701 1102 763 proenosccre

152 782 201 824 res
216 761 355 825 luturas?
378 761 508 824 Narrate
522 761 597 823 mihi
612 763 730 825 somnia
744 773 853 834 vestra.

602 869 654 925 47.

194 961 277 1024 Tum
290 963 373 1043 prior
387 962 432 1028 sic
447 960 588 1043 exposuit
602 960 738 1044 Josepho
752 963 904 1025 somnium
918 983 1019 1025 suum.

193 1044 266 1106 Vidi
280 1039 430 1125 in'quiete
445 1045 539 1108 vitem
561 1044 593 1105 in
614 1046 676 1125 qual
689 1057 776 1108 erant
798 1056 859 1108 tres
880 1047 1041 1128 palmites3
1063 1069 1101 1110 ea

152 1126 301 1207 paulatim
316 1128 443 1208 protulit
456 1148 614 1210 gemmas3
635 1128 749 1192 deinde
769 1129 858 1193 flores
872 1142 1047 1211 eruperunt,
1062 1152 1100 1193 ac
1178 1162 1181 1168 ·

151 1209 286 1290 denique
301 1232 368 1273 uvae
383 1212 645 1274 maturescebant.

193 1293 262 1374 Ego
276 1294 486 1375 exprimebam
501 1315 575 1357 uvas
599 1294 631 1356 in
653 1295 803 1378 scyphum
817 1295 994 1374 Pharaonis,
1009 1297 1100 1377 eique

150 1376 358 1458 porrigebam.

192 1459 268 1521 Esto
295 1459 379 1522 bono
401 1459 513 1538 animo,
542 1461 642 1543 inquit
662 1461 825 1542 Josephus‚
848 1472 919 1543 post
949 1473 1010 1526 tres
1033 1463 1100 1526 dies

94 1575 97 1580 ·
150 1541 270 1636 Pharao
291 1552 322 1636 te
344 1543 483 1638 restituet
504 1545 537 1607 in
556 1545 686 1627 gradum
709 1546 893 1626 pristinum:
915 1556 946 1609 te
968 1569 1045 1631 rogo
1067 1557 1101 1610 ut

150 1640 327 1688 meminens
340 1645 412 1687 mer.

192 1809 282 1874 Alter
296 1831 419 1892 quoque
433 1811 567 1874 narravit
580 1811 732 1874 somnium
746 1831 835 1874 sumn
855 1811 1010 1896 Josepho:
1030 1835 1101 1898 ges-

150 1893 255 1958 tabam
270 1893 420 1976 incapite
441 1895 500 1958 tria
522 1894 657 1957 canistra
670 1894 701 1959 in
716 1895 827 1976 quibus
841 1907 930 1960 erant
943 1897 1007 1962 cibi
1022 1919 1100 1981 quos

149 1977 279 2060 pistores
294 1977 396 2040 solent
409 1979 575 2041 conficere.

192 2061 279 2123 Ecce
307 2072 411 2124 autem
439 2083 511 2124 aves
542 2061 843 2140 circumvolitabant,
865 2074 899 2127 et
919 2065 1007 2128 cibos
1029 2065 1099 2130 illos

150 2143 368 2238 comedebant.
421 2145 480 2208 Cui
508 2145 679 2226 Josephus:
715 2145 783 2212 haec
812 2158 860 2210 est
887 2147 1099 2230 interpretatio

150 2237 236 2292 istius
251 2227 371 2289 somnii.

191 2309 267 2372 Tria
280 2311 415 2372 canistra
429 2321 500 2372 sunt
521 2322 582 2373 tres
603 2312 680 2386 dies,
695 2311 808 2391 quibus
831 2313 954 2393 elapsis,
979 2313 1099 2378 Pharao

149 2402 180 2456 tc
194 2393 284 2456 feriet
298 2393 409 2470 securi,
423 2404 456 2456 et
470 2393 577 2476 affiget
591 2395 631 2456 ad
645 2395 760 2475 palum,
775 2393 830 2456 ubi
844 2415 916 2457 aves
933 2408 1099 2476 pascentur

149 2495 243 2539 came
259 2475 321 2538 tua.

601 2564 652 2622 49.

191 2641 251 2704 Die
272 2642 373 2719 tertie,
389 2643 441 2723 qui
456 2643 522 2705 dies
543 2643 654 2705 natalis
675 2642 842 2706 Pharaonis
866 2654 941 2722 erat,
963 2646 1098 2730 splendi-

149 2727 223 2788 dum
236 2725 411 2789 convivium
425 2727 595 2808 parandum
610 2726 676 2792 fuit.

189 2809 281 2872 Tunc
296 2829 349 2873 rex
360 2809 500 2872 meminit
520 2810 726 2873 ministrorum
748 2830 881 2889 suorum,
896 2814 950 2894 qui
964 2824 1052 2877 erant
1066 2815 1097 2876 in

148 2913 284 2956 carcere.

189 2976 339 3038 Restituit
354 2976 504 3056 praefecto
526 2975 742 3056 pineemarum
766 2995 877 3038 munus
891 2997 1001 3055 suum3
1021 2978 1097 3040 alte-
1127 3002 1138 3052 i

148 3079 215 3120 mm
238 3058 309 3122 verb
334 3058 435 3120 securi
458 3078 637 3139 percussum
658 3057 817 3137 suspendit
838 3059 878 3120 ad
900 3059 1024 3142 palum:
1048 3060 1098 3124 Ita

148 3162 197 3204 res
211 3141 365 3202 somnium
379 3141 601 3222 comprobavit.

190 3223 311 3286 Tamen
326 3223 492 3304 praefectus
516 3224 731 3304 pincernarum
756 3226 870 3290 oblitus
888 3237 937 3291 est
959 3226 1096 3306 Josephi,

149 3326 209 3371 nec
224 3305 306 3367 illius
321 3307 353 3368 in
367 3327 400 3368 se
414 3307 514 3368 meriti
529 3308 707 3371 recordatus
722 3313 779 3372 est.

551 3413 554 3416 ’
601 3413 650 3470 50.

130 3513 155 3564 J.
191 3507 265 3570 Post
279 3504 438 3570 biennium
453 3527 505 3568 rex
520 3508 586 3589 ipse
601 3508 708 3573 habuit
722 3510 884 3573 somnium.

192 3591 363 3664 Videbatur
374 3589 432 3653 sibi
447 3591 567 3654 adstare
579 3593 612 3655 N
614 3593 655 3655 ilo
667 3593 785 3656 flumini
798 3615 805 3654 ε
820 3603 852 3655 et
867 3613 943 3656 ecce
958 3614 1097 3678 emerge-
