2590 4194
471 393 588 438 nmsrrr
612 392 802 448 connoanr.
902 352 907 362 ⁶
1054 379 1113 443 149

158 538 284 624 inquam,
300 539 353 602 sed
369 552 472 622 preter
486 542 717 624 expectationem
740 541 888 638 objectum
909 553 954 602 est
975 534 1129 642 negotium.

157 623 244 707 idque
267 623 390 706 regium,
406 624 484 707 quod
505 625 616 686 nullam
630 625 736 708 patitur
758 626 936 687 dilationem.
965 616 1040 686 'Hrc
1062 623 1122 699 ille,

157 707 245 790 eliges
260 729 300 770 ex
314 708 458 783 omnihm,
474 729 562 790 quem
583 709 683 787 voles3
704 723 786 770 tuum
812 709 922 775 hebere
944 729 1002 769 non
1027 719 1120 789 potes.

157 790 246 874 Rogo
261 813 347 876 quam
362 791 400 853 ob
414 793 498 854 rern?
543 790 693 864 Quoniam
715 793 849 855 venditus
865 806 918 869 est,
933 791 1032 875 inquit.
1077 789 1122 852 lbi

157 896 213 958 ego
227 873 362 938 simulati
383 873 490 958 magni
534 877 743 939 enturbatjone:
782 877 971 951 Prohibeant‚
994 875 1122 958 inquam,

93 995 95 998 ·
156 959 255 1042 superi
271 960 348 1042 qnod
364 959 444 1020 dicis.
490 899 559 1022 lldc
570 960 688 1044 objecto
700 960 801 1022 itinere
812 983 870 1027 non
882 960 1041 1022 venderem
1053 980 1123 1020 eum

157 1064 278 1126 equum,
290 1043 377 1104 etiam
393 1043 415 1104 si
428 1043 492 1126 quis
503 1058 637 1106 numeret
648 1045 854 1127 quadruplum.
883 1043 996 1126 Incipio
1007 1043 1100 1104 rixam
1114 1063 1122 1116 ;

156 1127 254 1188 clamo
272 1147 321 1188 me
354 1126 507 1209 perditum.
566 1127 703 1190 Tandem
732 1129 851 1192 incaluit
878 1141 909 1190 et
937 1128 994 1188 ille.
1037 1123 1121 1198 Quid

156 1231 241 1292 opus,
262 1209 364 1293 inquit,
378 1209 422 1270 his
432 1209 557 1294 jurgiis?
580 1209 719 1274 Indiclrsti
735 1234 855 1296 equum,
870 1233 925 1295 ego
940 1210 1079 1288 vendidi3
1100 1210 1124 1269 si

153 1303 279 1355 numero
303 1294 438 1377 pretium,
454 1295 524 1356 nihil
538 1294 629 1356 habes
652 1297 730 1380 quod
746 1317 864 1358 mecum
880 1315 958 1378 agae.
1005 1294 1080 1356 Sunt
1096 1293 1124 1352 in

155 1378 211 1439 hac
237 1377 310 1440 urbe
342 1379 441 1460 leges:
470 1378 506 1440 ad
535 1378 737 1442 exhibendum
760 1401 868 1463 equum
889 1400 1017 1442 menon
1041 1390 1125 1462 potes

155 1462 343 1544 compellere.
389 1460 470 1524 Cdm
497 1461 546 1524 diu
569 1461 753 1540 clamfissem
770 1477 819 1526 aut
840 1457 950 1546 eqdnm
971 1461 1126 1524 exhiberet

157 1557 206 1605 aut
236 1557 390 1620 emtorem,
411 1545 531 1606 tandem
560 1545 649 1606 iratus
673 1561 809 1610 numerat
839 1546 973 1628 pretium.
1034 1544 1127 1605 Eme-

157 1647 220 1688 ram
236 1627 402 1722 quindecim
418 1627 520 1702 aureis,
536 1625 708 1701 estimriram
731 1629 828 1709 viginti
851 1649 916 1702 sex,
931 1628 978 1688 ille
1004 1625 1128 1688 aestimd-

158 1723 202 1772 rat
223 1709 338 1792 triginta
353 1709 475 1771 duobus.
521 1710 677 1792 Cogitabat
699 1713 777 1794 opud
791 1732 834 1786 se,
848 1723 963 1794 prestat
986 1711 1042 1771 hoc
1056 1709 1127 1770 lucri

159 1791 269 1869 secere,
285 1792 372 1876 quim
384 1815 492 1876 equum
504 1793 636 1859 reddere.
681 1791 770 1856 Abeo
785 1795 893 1856 dolenti
908 1793 1005 1854 similis
1020 1814 1056 1854 ec
1078 1793 1127 1854 vix

158 1876 291 1958 placatus
306 1877 394 1938 etiam
410 1876 479 1939 dant
493 1877 626 1960 poeonii.
670 1877 723 1940 llle
737 1889 818 1960 rogat
833 1891 865 1939 ut
882 1877 950 1939 boni
964 1876 1127 1952 consulam,

158 1980 192 2021 se
215 1960 275 2020 aliis
297 1960 326 2020 in
341 1960 427 2021 rebus
442 1975 630 2042 pensaturum
645 1961 702 2022 hoc
717 1960 903 2047 incommodi.
948 1961 997 2022 Sic
1019 1961 1128 2042 impos·

158 2043 231 2104 itum
254 2056 298 2104 est
319 2043 487 2126 impostori3
517 2045 606 2108 habet
625 2067 734 2128 equum
757 2044 861 2106 nullius
883 2045 986 2128 pretii;
1016 2065 1128 2127 expec-

158 2139 200 2188 tat
215 2140 256 2201 ut,
272 2127 320 2210 qui
346 2127 461 2190 arrham
475 2128 566 2204 dedit,
578 2129 674 2190 veniat
697 2138 884 2190 numeratum
898 2128 1055 2212 pecuniam
1068 2150 1077 2206 3
1099 2142 1128 2188 at

159 2230 248 2272 nemo
261 2211 349 2285 venit,
365 2232 563 2294 necunquam
579 2225 727 2274 venturus.

202 2293 241 2354 A.
265 2293 381 2354 Interim
398 2315 548 2377 nunquam
563 2307 662 2356 tecum
677 2295 890 2376 expostulavit?

202 2375 243 2436 P.
268 2375 341 2448 Qud
354 2375 458 2452 fronte,
469 2389 518 2438 aut
534 2391 591 2459 quo
601 2378 668 2462 jure
683 2377 712 2437 id
727 2376 856 2438 faceret?
900 2375 1049 2438 Convenit
1064 2377 1127 2458 qni·

161 2459 230 2520 dem
245 2459 336 2521 semel
359 2474 445 2542 atque
467 2460 582 2536 iterum,
597 2473 774 2543 conquestus
788 2473 832 2520 est
853 2458 890 2518 de
915 2460 973 2520 fide
999 2459 1125 2520 emtoriS.
1200 2477 1201 2481 ’
1282 2487 1283 2494 ¹

164 2541 278 2604 Verdm
301 2564 356 2624 ego
371 2542 447 2605 ultrd
468 2544 650 2624 expostulari
672 2564 740 2604 oum
766 2541 895 2618 homine,
921 2541 1022 2602 dicens
1047 2541 1127 2602 illum

161 2647 198 2687 eo
219 2627 297 2687 malo
311 2626 442 2709 dignum,
457 2626 506 2709 qui
526 2625 717 2709 -praeproperrl
731 2625 898 2687 venditione
922 2625 973 2687 tali
987 2645 1064 2708 equo
1079 2645 1128 2686 me

159 2707 297 2792 spolient.
351 2709 418 2770 Hoc
434 2723 478 2772 est
492 2709 601 2772 crimen
617 2723 677 2772 tarn
692 2708 768 2772 bend
782 2709 967 2786 collocatum,
979 2708 1047 2772 merl
1062 2731 1129 2771 sen-

159 2793 259 2868 tentie,
272 2806 307 2855 ut
322 2810 378 2856 non
395 2793 657 2876 possiminducere
672 2794 800 2855 animum
815 2793 955 2856 confiteri.

201 2877 240 2942 A.
267 2877 334 2961 Ego
348 2877 420 2939 mihi
435 2890 558 2939 statuam
581 2899 746 2960 poscerem,
761 2876 785 2938 si
807 2877 877 2958 quid
898 2878 956 2939 tole
978 2877 1067 2959 desigr
1082 2875 1129 2938 ris·
1187 2879 1190 2888 ’

159 2981 222 3022 sem
236 2983 244 3038 ;
266 2974 378 3024 tontum
394 2961 475 3022 obest
489 2975 521 3024 ut
534 2959 719 3022 confessurus
733 2959 796 3020 sim.

202 3043 243 3104 P.
269 3044 320 3106 An
345 3065 385 3105 ex
409 3043 506 3104 animo
530 3043 665 3127 loqueris,
690 3041 808 3104 nescio:
830 3040 901 3102 milri
923 3055 1022 3104 temen
1046 3042 1128 3104 adds

122 3171 125 3178 ·
160 3126 299 3204 animum,
315 3128 374 3210 qud
387 3125 591 3272 melgrgalubeat
604 3127 707 3188 talibus
722 3123 817 3187 lacere
832 3123 941 3187 sucum.
