2590 4194
630 323 673 394 91

215 503 359 568 Profecti)
381 505 513 568 liberum
542 525 606 567 non
630 502 706 566 facit
727 503 859 581 fortuna,
881 505 936 568 sod
957 505 1074 569 virtus:
1101 527 1126 568 si

172 588 256 652 enim
271 589 415 670 prudens,
430 589 456 651 si
474 589 584 672 justus,
603 587 628 650 si
653 587 748 664 fortis,
769 588 794 650 si
817 589 984 664 modestus,
999 589 1024 652 si
1039 589 1127 652 inuo-

138 717 140 720 -
172 693 258 748 cene,
273 673 298 734 si
324 673 392 754 pius
414 673 483 754 quis
509 672 611 748 fuerit,
636 671 662 734 is
686 673 756 734 vere
782 670 861 735 liber
882 683 948 735 est:
970 673 1079 735 horum
1100 672 1126 734 si

172 757 247 836 quid
262 757 352 833 absit,
367 778 423 838 pro
437 757 474 820 eb
488 768 575 839 parte
590 778 623 818 se
638 777 758 818 servum
772 756 861 818 sciat.

214 839 262 902 Eo
277 839 406 920 quisque
429 840 569 904 miserior
582 850 631 902 est
652 839 684 902 in
704 839 859 918 servitute,
874 861 937 922 quo
952 839 1073 902 felicior
1093 838 1125 902 in
1227 831 1232 844 ’

173 922 316 986 libertate
332 923 399 989 fuit.

592 1043 713 1098 AETAS.

214 1148 327 1212 AEtatis
341 1149 427 1212 nulla
442 1159 626 1231 potestesse
641 1148 859 1229 intempestiva
872 1150 1068 1232 parsimonia.

215 1233 303 1294 AEtas
317 1254 474 1314 nunquam
488 1254 552 1296 non
565 1233 683 1308 defluit,
693 1232 757 1294 sive
772 1232 914 1312 dormias,
926 1236 989 1298 sive
1004 1237 1123 1318 vigiles.

212 1315 308 1379 Horae
323 1317 450 1392 cedunt,
465 1318 542 1394 dies,
556 1337 688 1393 menses,
703 1326 736 1378 et
749 1316 839 1388 armi3
859 1339 920 1382 nec
935 1321 1125 1401 praeteritum

171 1409 291 1480 tempus
306 1421 440 1481 unquam
456 1401 626 1465 revertitur.

212 1484 485 1552 Quemadmodum
508 1484 726 1567 navigantibus
750 1495 840 1548 terrae
862 1487 1016 1568 urbesque
1037 1508 1125 1551 rece·

169 1567 268 1645 dunt;
295 1569 340 1630 sic
367 1569 512 1650 temporis
536 1590 628 1631 cursu
652 1569 750 1650 primd
772 1571 936 1651 pueritiam
960 1571 1125 1634 abscondi·

170 1665 250 1726 mus,
265 1651 378 1713 deinde
393 1651 647 1728 adolescentiam,
658 1652 771 1714 deinde
787 1653 957 1716 senectutis
972 1673 1079 1716 annos.

213 1733 301 1796 Nihil
322 1744 461 1816 tempore
481 1735 655 1817 pretiosius,
673 1745 706 1798 et
723 1734 804 1800 heu!
827 1735 904 1800 nihil
919 1736 1011 1800 hodie
1027 1757 1067 1802 co
1080 1737 1124 1800 vi·

171 1815 231 1880 lius
245 1817 408 1881 invenitur.

211 1901 318 2048 ldtlemo
353 1901 411 1964 sibi
443 1901 543 1984 perire
572 1903 666 1981 diem,
697 1913 730 1966 et
760 1923 918 1986 nunquam
953 1904 1122 1968 rediturum

170 2003 222 2048 me
245 1984 348 2048 itatur.

580 2104 717 2160 LABOR.

199 2210 315 2284 ‚Justus
329 2233 368 2276 ac
381 2209 528 2276 honestus
542 2213 630 2277 labor
643 2214 811 2278 honoribus
835 2224 868 2279 et
891 2218 1026 2298 praemiis
1047 2218 1122 2280 dec-

169 2307 282 2360 oratur.

211 2380 405 2443 Generosum
419 2380 556 2442 animum
569 2379 736 2444 difficultas
751 2380 852 2463 erigit,
867 2379 923 2443 alit
938 2381 1036 2445 labor.

209 2463 315 2545 Turpe
340 2473 388 2526 est
409 2464 523 2528 cedere
537 2463 623 2527 oneri
634 2486 644 2542 ;
665 2484 729 2527 nou
749 2475 799 2528 est
819 2463 864 2527 vir
885 2463 971 2527 fortis
992 2475 1025 2530 et
1045 2475 1122 2530 stre-

167 2568 248 2610 nuus
262 2545 315 2626 qui
330 2545 469 2610 laborem
484 2546 574 2630 firgit.

126 2637 137 2644 ”
209 2629 276 2699 oui
298 2629 437 2694 laborem
459 2640 592 2707 recusat,
614 2629 750 2713 seipsum
771 2633 959 2698 condemnat
973 2642 1121 2716 tanquam

167 2714 256 2778 bonis
284 2713 428 2776 omnibus
453 2713 614 2798 indignum
625 2737 636 2794 ;
659 2715 809 2797 quioquid
830 2717 914 2782 enim
935 2729 984 2784 est
1004 2719 1120 2802 ubique

169 2798 253 2875 boni,
268 2798 374 2862 labore
390 2809 596 2880 comparatur.

210 2882 578 2979 Nullaresmagnasine
592 2882 698 2946 labore
712 2884 826 2948 veniet.
1098 2936 1101 2942 .

208 2965 304 3048 Apud
317 2965 481 3053 AEgyptros
496 2965 567 3049 lege
583 2965 641 3029 fuit
654 2977 782 3029 cautum
802 2987 844 3030 ne
864 2968 944 3032 cibis
957 2969 1040 3050 priris
1054 2989 1121 3031 ves-

166 3058 302 3144 ceretur·
320 3048 475 3131 juventus,
505 3051 597 3132 quim
618 3059 746 3113 centum
772 3059 805 3116 et
832 3051 995 3136 octoginta
1020 3053 1121 3120 stedia

166 3142 377 3216 percurrisset.

449 3323 452 3329 Ι
525 3251 759 3307 CONCORDIA.

209 3356 298 3426 Quid
311 3355 408 3440 magis
422 3357 568 3421 omnibus
589 3358 771 3422 mortalibus
795 3359 1013 3442 expetendum,
1027 3359 1119 3440 quem

166 3441 481 3524 paxetconcordia?
807 3477 808 3480 =

208 3525 329 3589 Felices
351 3525 418 3588 istae
441 3525 583 3588 civitates
604 3549 674 3609 quae
689 3527 734 3590 its
755 3527 788 3589 iu
812 3524 981 3590 concordii
1002 3525 1118 3606 vivunt,
1226 3516 1229 3523 ¹

166 3619 201 3674 ut
213 3609 254 3675 de
267 3608 452 3675 utilitatibus
466 3631 562 3676 unum
576 3611 721 3696 idemque
736 3608 880 3691 sentiunt,
891 3621 924 3678 et
933 3611 1116 3678 decernunt..
