2570 4180
643 341 691 412 58

237 519 332 584 Porro
354 519 480 585 Samuel
503 520 642 583 edixerat
662 529 697 582 ut
724 540 758 582 se
780 539 836 601 per
857 525 976 600 septem
1004 515 1072 580 dies
1095 537 1155 580 ex·

194 615 366 687 necterent,
380 625 458 668 neve
479 624 605 666 manum
628 623 702 666 cum
723 602 812 665 hoste
836 602 919 684 prius
941 612 1153 678 consererent,

194 689 286 769 quim
301 689 367 772 ipse
382 689 508 751 veniens
522 689 592 751 Deo
606 687 792 750 sacrificium
807 685 934 748 feceret.

236 772 296 835 Die
318 772 460 853 septimo,
482 792 577 854 quum
600 771 726 834 Samuel
748 779 927 846 moraretur,
955 778 989 830 et
1016 770 1152 851 populus

194 873 289 918 morte
305 866 454 936 pertaesus
468 854 667 931 dilaberetur,
683 854 757 916 Saiil
781 853 848 936 ipse
873 851 1059 916 sacrificium
1075 853 1153 916 fecit

195 935 267 1000 loco
282 939 462 1001 sacerdotis.

237 1021 297 1084 Vix
326 1033 454 1102 peracto
489 1021 652 1096 sacrificio,
687 1021 773 1083 venit
808 1019 945 1095 Samuel,
981 1039 1151 1102 regemque

194 1103 328 1186 graviter
350 1105 556 1187 reprehendit,
579 1105 661 1186 qudd
685 1123 797 1166 munus
825 1103 982 1184 proprium
1006 1105 1152 1166 sacerdo-

196 1197 262 1250 tum
276 1188 334 1252 sibi
349 1199 464 1252 temere
480 1189 693 1271 arrogavisset.

636 1311 706 1368 109.

239 1407 312 1469 saul
337 1419 455 1488 postea,
467 1408 597 1490 jubente
613 1407 692 1484 Deo,
707 1407 825 1470 bellum
839 1407 1022 1472 Amaleeitis
1035 1409 1150 1476 intulit.

236 1489 338 1553 Primd
352 1511 418 1554 rem
432 1491 513 1554 bene
527 1491 634 1576 gessit.
678 1491 761 1568 Caesi
782 1501 854 1553 sunt
867 1491 981 1569 hostes,
996 1503 1150 1558 eteorum

194 1595 249 1638 rex
263 1585 374 1657 captus
388 1586 445 1639 est.

239 1659 303 1724 Sed
326 1659 440 1724 deinde
466 1659 541 1723 Saiil
564 1659 667 1724 Deum
681 1659 815 1744 graviter
839 1657 989 1722 offendit:
1010 1671 1152 1725 vetuerat

194 1740 280 1806 Deus
303 1764 344 1807 ne
389 1745 442 1806 uid
459 1765 499 1806 ex
526 1743 633 1826 spoliis
653 1743 787 1807 hostium
819 1753 1043 1824 reservaretur3
1075 1745 1151 1808 Saiil

195 1826 278 1900 verd,
293 1765 476 1888 Amalecitis
489 1827 590 1902 eaesis,
604 1838 724 1922 partem
739 1827 856 1908 praedae
871 1827 1012 1890 servavit.

237 1907 344 1975 Quam
365 1908 407 1970 ob
429 1927 554 1970 eausam
573 1919 707 1993 rejectus
721 1919 770 1971 est
783 1930 803 1971 a
815 1909 895 1982 Dee,
909 1919 942 1972 et
963 1909 995 1977 in
1016 1909 1082 1994 ejus
1104 1910 1151 1974 lo-

194 2007 268 2051 cum
290 1988 401 2066 David,
416 1990 518 2052 adhue
536 1991 668 2074 juvenis,
689 2012 708 2055 e
730 1991 813 2055 tribu
834 1991 936 2070 Judae,
950 1993 1070 2057 electus
1090 2005 1150 2072 est,

192 2080 228 2134 et
242 2091 262 2135 a
276 2071 423 2136 Samuele
437 2082 560 2136 unctus.

638 2205 709 2262 110.

239 2301 390 2365 Secutum
410 2315 459 2366 est
489 2301 608 2367 bellum
636 2324 710 2368 eum
740 2302 930 2368 Philistaeis:
960 2324 1056 2387 quum
1076 2305 1148 2370 duae

195 2385 280 2450 acies
295 2385 326 2449 in
341 2397 514 2470 conspeetu
535 2397 649 2466 essent,
673 2388 847 2452 Philistoeus
869 2388 1005 2470 quidam,
1023 2389 1148 2453 nomine

195 2469 369 2547 (soltanus,
383 2472 428 2535 vir
451 2471 537 2535 mine
562 2471 793 2556 magnitudinis,
808 2493 986 2556 progressus
1007 2483 1148 2536 estante

194 2553 327 2628 ordines,
355 2564 388 2615 et
419 2575 514 2617 unum
545 2576 584 2618 ex
613 2557 758 2622 Hebraeis
788 2578 875 2640 soepe
896 2556 1088 2640 provocabat
1108 2556 1148 2620 ad

193 2635 350 2718 singulare
365 2647 535 2698 certamen.

235 2718 349 2780 Loricd
376 2719 537 2799 squamati
567 2718 772 2782 induebatur:
807 2740 915 2782 ocreas
945 2720 976 2778 in
1006 2722 1148 2786 eruribus

193 2821 291 2864 aereas
313 2799 450 2865 habebat
461 2825 471 2882 ;
502 2798 598 2864 cassis
619 2821 703 2864 oerea
716 2810 812 2881 caput
832 2800 899 2882 ejus
920 2797 1091 2879 operiebat,
1113 2813 1147 2863 et

194 2884 323 2968 clypeus
337 2907 437 2950 aereus
451 2885 581 2971 tegebat
594 2883 748 2947 humeros.

229 2970 319 3032 ‘Tum
343 2971 418 3034 Saul
432 2991 546 3055 magna
568 2968 705 3052 praemia,
726 2967 789 3029 imo
810 2973 843 3027 et
864 2962 936 3027 filiae
958 2961 1093 3046 nuptias,
1114 2964 1145 3029 ei

193 3053 332 3130 promisit
346 3055 399 3132 qui
414 3053 609 3136 provocantis
623 3050 724 3133 spolia
737 3047 901 3113 retulisset.

216 3133 286 3195 'At
300 3154 393 3196 nemo
407 3149 517 3199 contra
538 3135 625 3197 illum
647 3133 729 3196 exire
751 3132 905 3211 audebat3
926 3142 959 3195 et
981 3129 1145 3195 Goliathus

193 3237 280 3280 suam
301 3217 447 3280 Hebraeis
467 3218 622 3302 ignaviam
636 3236 708 3279 cum
733 3215 821 3280 irrisu
835 3236 873 3278 ac
888 3216 1022 3280 ludibrio
1036 3235 1145 3297 expro-

194 3299 315 3365 brabat.

643 3410 714 3467 111.

235 3524 346 3602 David,
374 3537 547 3591 commotus
569 3493 738 3608 ignominiis
759 3523 867 3608 populi
899 3523 957 3600 sui,
979 3541 1013 3584 se
1032 3527 1145 3602 sponte

190 3605 234 3668 ed
248 3611 449 3688 pugnandum
463 3609 586 3674 obtulit.
