2590 4194
187 361 247 424 148
499 383 618 430 amm
639 385 831 443 comosum

182 528 388 593 omsceudisse
402 543 516 614 tergum
538 531 606 614 equi
635 529 785 606 felicioris3
809 529 923 606 roldsse
943 530 1037 614 potitis
1079 533 1149 595 udrn

183 611 359 690 ambulrisse‚
372 636 438 698 *nec
462 629 520 677 tam
544 615 632 697 longo
653 614 755 676 itinere
768 635 898 697 unquam
919 616 1043 678 sensisse
1059 553 1149 678 lassi-

184 695 315 759 tudinem
340 720 396 760 neo
425 697 484 781 pilo
508 697 616 760 sactum
641 698 680 760 ob
705 698 832 760 laborem
847 700 1031 761 macriorem:
1074 699 1147 762 llee

182 778 253 842 clau
277 781 316 843 illi
342 782 547 864 persensissem
573 803 638 844 esse
663 801 741 856 vera,
764 781 867 846 tacitus
882 803 983 846 secum
1005 781 1149 865 cogitabat

183 882 293 945 equum
308 864 388 926 'dlum
404 865 490 926 alium
516 886 581 926 esse
607 865 695 948 quiam
721 865 862 927 hactenus
875 866 1035 949 suspicatus
1061 880 1145 928 esset

183 943 285 1028 ltaque
301 947 467 1032 priusquam
483 949 603 1023 abirem,
618 949 737 1032 mgabat
751 969 820 1010 num
845 949 915 1010 mihi
938 949 1047 1011 venalis
1070 963 1147 1012 esset

182 1047 294 1111 equus3
310 1031 403 1113 primo
426 1031 577 1114 negabam,
600 1033 678 1116 qudd
692 1032 717 1094 si
738 1031 878 1095 incideret
891 1033 945 1095 iter
960 1032 1068 1108 denud,
1089 1054 1148 1094 non

183 1110 268 1176 facile
284 1113 344 1176 sore
359 1115 488 1177 nancisci
503 1115 624 1177 similem
637 1139 647 1195 ;
668 1129 796 1178 attamen
810 1117 881 1178 nihil
906 1137 971 1179 esse
996 1117 1066 1178 mihi
1087 1129 1147 1178 tam

181 1216 294 1274 canam,
320 1199 398 1282 quod
420 1221 479 1260 non
502 1212 579 1260 esset
602 1200 705 1261 renale
725 1199 817 1280 pretio
831 1201 928 1282 larg03
950 1199 1062 1262 etiamsi
1084 1199 1148 1284 quis

182 1301 232 1342 me
247 1282 354 1364 ipsum,
368 1283 496 1366 inquam,
510 1296 631 1363 cuperet
646 1297 766 1343 emtum.
1132 1301 1137 1314 ·

224 1365 268 1426 Α.
293 1365 348 1428 Nae
363 1380 395 1428 tu
409 1363 534 1448 pulchre
549 1364 721 1426 Cretensem
736 1365 843 1447 agebas
857 1387 925 1428 cum
941 1363 1088 1429 Cretensi.

224 1447 265 1509 P.
289 1448 372 1521 Quid
388 1448 505 1510 multis?
530 1465 589 1510 non
604 1447 719 1510 dimittit
733 1469 793 1524 me,
807 1447 861 1510 nisi
875 1448 1062 1532 pronunciata
1077 1451 1150 1534 equi

182 1531 351 1595 indicatura.
408 1531 538 1594 Iudicavi
566 1551 624 1594 non
654 1529 743 1614 pauli)
770 1531 860 1614 pluris
888 1532 977 1614 quam
1005 1553 1147 1596 emeram.

183 1615 340 1713 Digressus
354 1616 390 1678 ab
410 1615 537 1690 homine,
551 1635 623 1678 mox
644 1615 771 1688 suborno
785 1614 834 1698 qui
854 1615 926 1676 mihi
946 1628 1060 1698 partem
1082 1631 1149 1700 agat

183 1700 272 1784 hujus
296 1699 409 1776 sabutae,
423 1697 545 1782 pulchre
559 1699 730 1761 instructum
744 1713 831 1782 atque
851 1699 999 1761 edoctum.
1053 1699 1084 1762 ls
1104 1701 1149 1763 in-

181 1805 300 1868 gressus
315 1785 435 1846 domum
457 1783 594 1846 inclamat
608 1784 766 1846 locatorem
775 1801 784 1858 ;
806 1781 845 1844 ait
858 1782 912 1844 sibi
930 1803 1004 1865 opus
1019 1803 1084 1850 esse
1105 1784 1148 1846 in-

183 1867 256 1950 signi
267 1889 354 1950 equo,
369 1881 399 1929 et
412 1866 517 1928 laboris
533 1863 648 1950 egregie
662 1865 791 1948 patienti.
835 1866 920 1928 Alter
932 1867 1059 1928 ostendit
1073 1868 1149 1930 mul·

183 1964 238 2025 tos,
253 1963 285 2011 et
298 1950 458 2032 pessimum
470 1967 618 2031 quemque
634 1947 763 2010 maxime
778 1949 935 2030 predicat:
958 1951 1052 2012 solum
1067 1949 1147 2014 illum

183 2053 273 2116 quem
299 2031 369 2092 mihi
391 2028 563 2092 vendideiat
588 2031 724 2114 quoniam
748 2030 934 2094 existimabat
964 2032 1035 2094 vere
1060 2035 1148 2096 talem

183 2115 300 2199 qualem
323 2113 550 2198 predicaveram
572 2134 631 2176 non
655 2114 762 2176 laudat
815 2115 857 2177 At
879 2115 953 2178 alter
977 2116 1043 2179 ilico
1067 2131 1150 2201 rogat

84 2273 86 2282 y
182 2219 256 2263 num
277 2211 309 2261 et
331 2197 378 2260 ille
400 2197 511 2260 venalis
534 2211 630 2278 esset;
653 2217 721 2259 nam
735 2197 946 2282 descripseram
965 2198 1005 2262 illi
1026 2199 1150 2264 sormam

183 2282 263 2369 equi,
277 2296 309 2346 et
320 2282 419 2345 locum
443 2279 611 2345 iudiodrtnr.
655 2279 785 2346 locator
808 2281 935 2366 primian
959 2282 1149 2362 obdoesoeoe,

184 2382 272 2453 atque
285 2364 523 2430 elios-ambitiosi
538 2367 704 2450 predicare.
746 2364 829 2431 Clam
844 2366 909 2442 iste,
920 2367 1031 2430 ceteris
1044 2383 1151 2430 uteun-

182 2473 244 2537 que
266 2451 401 2536 probotis,
424 2471 542 2534 semper
565 2465 663 2534 ageret
683 2449 721 2513 de
742 2471 802 2512 uno
815 2449 882 2526 ill03
907 2451 1026 2514 tandem
1041 2451 1151 2514 locator

180 2537 265 2633 epud
279 2557 323 2612 se,
339 2534 427 2618 plane
439 2534 540 2597 sesellit
554 2555 603 2598 me
613 2533 755 2619 judicium
770 2533 808 2596 de
823 2533 872 2595 illo
887 2555 979 2616 equo:
1006 2534 1149 2638 siquidem

185 2620 234 2680 luc
249 2618 417 2700 peregrinus
430 2618 524 2679 statim
540 2619 656 2699 agnovit
670 2618 748 2679 hunc
762 2617 836 2679 inter
850 2637 960 2679 omnes.
1005 2617 1087 2680 Cum
1107 2619 1152 2680 in-

183 2715 272 2762 staret
294 2700 353 2773 ille,
367 2700 497 2774 tandem,
517 2699 564 2759 hic
589 2701 699 2760 venalis
721 2712 775 2772 est,
791 2700 893 2780 inquit,
907 2701 959 2760 sed
977 2703 1072 2781 pretio
1094 2701 1152 2763 sor-

184 2796 261 2842 tasse
276 2779 474 2840 deterreberis.
519 2777 589 2839 Non
613 2795 666 2854 est,
680 2780 772 2860 inquit
787 2781 844 2853 llle‚
859 2797 998 2860 maguum
1013 2784 1150 2862 pretium,

184 2863 209 2926 si
236 2862 278 2924 rei
304 2862 427 2943 dignitas
450 2861 634 2944 respondeat.
693 2861 801 2922 Indica.
836 2861 979 2924 Indicavit
1003 2865 1151 2946 aliquanto

184 2947 285 3031 pluris,
296 2947 384 3030 quim
400 2945 557 3008 iudicaram
568 2944 633 3028 ipsi,
644 2959 763 3030 captans
774 2960 804 3008 et
818 2946 874 3007 lroc
884 2945 966 3007 lucri.
1009 2946 1148 3010 Tandem

185 3031 322 3094 convenit
344 3032 381 3092 de
404 3031 497 3114 pretio
509 3052 516 3092 :
540 3029 624 3092 datur
638 3031 722 3091 arrha
734 3029 803 3093 satis
815 3049 930 3112 magna,
945 3051 1052 3113 nempe
1066 3053 1150 3113 rega·

186 3117 220 3178 lis
241 3137 356 3192 aureus,
380 3135 418 3176 ue
443 3135 502 3198 qua
525 3113 651 3196 suspicio
675 3113 816 3176 incideret
841 3113 980 3174 simulatae
1006 3115 1147 3176 emtionis.

187 3199 293 3262 Emtor
313 3199 397 3283 jubet
421 3219 498 3281 equo
514 3197 574 3258 dari
597 3197 758 3279 pabulum;
779 3217 812 3258 se
837 3217 906 3257 mox
922 3196 960 3258 ait
979 3197 1149 3275 rediturum,

185 3300 215 3348 et
235 3284 445 3357 abducturum3
475 3281 525 3342 dat
548 3280 634 3341 etiam
660 3280 814 3341 stabulario
837 3279 1016 3342 drachmam.
1072 3280 1149 3364 Ego,

186 3369 271 3430 simul
286 3381 374 3450 atque
389 3363 512 3448 cognovi
533 3363 699 3446 pactionem
713 3383 779 3424 esse
788 3363 915 3438 firmam,
926 3363 967 3426 sie
981 3379 1014 3426 ut
1027 3365 1149 3426 rescindi

88 3503 93 3510 ,
186 3473 245 3512 non
270 3463 378 3534 posset,
392 3469 490 3510 rursus
511 3447 605 3508 ocreis
626 3459 656 3507 et
671 3445 830 3508 calcaribus
854 3461 978 3509 armatus
1000 3449 1090 3509 redeo
1112 3448 1149 3509 ad

186 3535 365 3607 locatorem3
390 3532 511 3592 anhelus
526 3530 633 3591 clamo.
677 3528 774 3591 Adest
789 3529 856 3608 ille3
870 3544 951 3612 rogat
965 3530 1034 3613 quid
1049 3531 1147 3592 velim.

186 3613 259 3673 Ilico
281 3614 397 3693 inquam
413 3613 569 3675 adornetur
582 3633 675 3695 equus
692 3632 786 3688 meus,
801 3633 869 3674 nam
888 3634 905 3674 e
921 3614 1042 3696 vestigio
1062 3615 1150 3696 pmfi-

186 3693 356 3755 ciscendum
371 3709 467 3757 eston
481 3717 545 3758 reru
558 3694 688 3758 maxime
710 3695 822 3757 seriam.
875 3697 967 3780 Atqui
989 3697 1087 3774 modd,
1106 3697 1151 3758 in·

187 3772 258 3856 quit,
269 3775 426 3840 insudabas
436 3791 468 3840 ut
471 3779 586 3918 Pqli2quot
596 3780 659 3843 dies
672 3779 782 3842 alerem
793 3799 903 3863 equum
914 3793 996 3844 tuum
1007 3803 1014 3843 ι
1025 3779 1149 3861 Verum,
