2590 4194
645 339 694 412 96

194 523 333 588 offensae.
377 517 616 587 Nobilissimum
637 519 784 584 vndietae
805 541 905 606 genus
934 528 983 584 est
1013 541 1154 604 parcere,

175 613 176 618 ’
194 618 228 671 et
240 607 438 670 benefacere.

238 691 356 754 Multos
377 688 549 752 vindicisse
580 687 736 771 poenituit,
765 688 924 752 neminem
954 688 1154 772 pepercisse:

194 775 286 837 venia
299 774 382 836 mitis
396 784 443 836 est
457 772 586 855 ingenii,
601 771 679 834 ultio
693 781 798 835 eutem
813 771 913 835 ferini.

237 858 329 952 Pejus
354 868 402 919 est
424 857 565 940 injuriam
590 856 694 919 facere
719 856 812 936 quam
836 855 925 919 ferre.
970 854 1085 918 Melius
1107 867 1154 919 est

195 940 337 1024 injuriam
351 941 496 1022 accipere
511 941 602 1022 quim
617 939 738 1002 ulcisci.

558 1081 770 1135 FELICITAS.

237 1192 346 1254 Miseri
367 1201 439 1254 sunt
455 1211 532 1272 quos
547 1189 658 1272 vulgus
672 1189 781 1251 beatos
792 1189 922 1271 judicat,
937 1198 970 1251 et
983 1210 1046 1252 non
1060 1191 1153 1271 pauci

195 1276 280 1339 beati
303 1297 380 1355 quos
404 1274 589 1336 miserrimos
616 1283 714 1353 putat.
772 1273 861 1336 Beati
887 1283 958 1335 sunt
977 1294 1055 1354 quos
1076 1274 1153 1335 nulli

194 1370 295 1420 metus
317 1368 443 1432 terrent,
457 1355 552 1418 nullae
575 1354 776 1437 aegritudines
790 1358 936 1433 exedunt,
951 1356 1046 1418 nullae
1062 1357 1154 1419 libid-

195 1440 262 1502 ine·
277 1440 429 1502 cruciant.

238 1523 294 1586 Vir
307 1523 430 1606 sapiens
443 1532 476 1585 et
489 1521 591 1584 bonus
605 1520 795 1602 ubicumque
809 1523 920 1586 vixerit
933 1523 1007 1586 felix
1021 1533 1079 1586 est.

237 1606 321 1670 Raro
343 1607 408 1669 ulla
428 1608 519 1669 datur
550 1605 692 1681 felicitas,
722 1606 775 1668 cui
804 1628 868 1670 non
897 1617 945 1670 est
971 1605 1153 1689 adjunctum

195 1691 313 1772 aliquid
328 1688 527 1754 incommodi.

238 1775 367 1842 Quanto
381 1775 479 1856 major
493 1782 542 1834 est
556 1772 687 1849 fortuna,
702 1773 788 1836 tantb
802 1773 903 1836 minirs
917 1792 1027 1835 secura
1041 1785 1098 1837 est.

237 1857 335 1919 Nulla
366 1856 534 1920 adversitas
555 1876 628 1919 eum
649 1857 775 1940 dejecit,
793 1870 891 1938 'quem
911 1855 999 1920 nulla
1020 1857 1152 1921 felicitas

196 1940 375 2021 corrumpit.
476 1991 479 1996 .

238 2105 403 2188 Sapienter
423 2107 566 2203 cogitant
589 2107 642 2189 qui
671 2107 863 2191 temporibus
894 2110 1039 2174 secundis
1060 2131 1151 2174 casus

195 2189 338 2252 adversos
353 2191 563 2254 refonnrdant.

238 2274 369 2358 Semper
384 2275 527 2340 humanae
544 2275 662 2342 laetitiae
678 2276 800 2341 tristitia
813 2277 977 2361 repentina
999 2279 1150 2354 succedit,

194 2368 228 2422 et
242 2361 325 2440 quod
347 2361 466 2443 incepit
486 2381 506 2423 a
523 2361 650 2456 gaudio,
664 2361 777 2424 desinit
792 2361 824 2423 in
845 2383 995 2424 moerore:
1018 2362 1150 2426 felicitas

110 2461 116 2466 ·
195 2443 310 2526 quippe
325 2444 430 2508 multis
445 2465 554 2507 amans
570 2455 617 2508 est
631 2467 781 2527 respersa.

237 2527 396 2610 Plerisque
419 2528 513 2590 fatale
535 2539 584 2591 est
604 2550 762 2610 nunquam
784 2527 816 2591 in
830 2530 923 2592 rebus
944 2530 1088 2594 secundis
1102 2551 1150 2594 sa·

194 2629 279 2689 pere.

236 2691 403 2770 Difficilius
418 2703 473 2770 est
494 2693 650 2756 hominem
682 2716 816 2777 reperire
841 2696 894 2776 qui
916 2718 965 2759 res
986 2698 1150 2775 secundas,

194 2773 285 2853 quem
299 2774 352 2854 qui
368 2775 510 2836 adversas
525 2777 609 2836 recte
624 2777 712 2838 serat.

236 2855 280 2952 lit
295 2858 446 2935 advertas,
461 2857 506 2921 sic
521 2858 674 2921 secundas
688 2880 737 2922 res
754 2859 955 2922 immoderate
971 2859 1059 2937 ferre,
1075 2859 1150 2925 levi-

193 2949 384 3089 tatlSsollsdates
398 3026 613 3110 interrogatus,
636 3026 746 3091 Utrum
770 3027 931 3091 Persarum
951 3047 1004 3090 rex
1017 3046 1148 3110 magnus

193 3107 267 3169 felix
296 3121 388 3171 esset.
447 3110 567 3188 Nescio,
596 3111 706 3191 inquit,
721 3134 762 3174 ort
786 3111 914 3174 eruditos
938 3121 964 3174 et
968 3111 1066 3196 justus
1087 3110 1148 3174 sit:

192 3189 225 3253 in
238 3190 290 3254 boc
304 3191 378 3256 enim
391 3192 646 3278 dominisfilieitos
659 3195 795 3258 consistit.

514 3333 818 3390 uncruunnruss.
839 3312 842 3317 ’

235 3443 322 3508 Nihil
337 3445 426 3526 aequb
443 3443 568 3526 prodest
592 3445 685 3526 quim
705 3443 865 3507 minimum
886 3463 960 3507 cum
973 3443 1042 3508 aliis
1063 3444 1149 3528 loqui

193 3535 226 3588 et
261 3527 403 3592 lurimirrn
418 3548 534 3591 secum.

235 3547 272 3670 ln
286 3611 348 3674 hoc
362 3612 519 3690 incumbe,
533 3621 569 3676 ut
591 3610 737 3678 libentius
758 3612 867 3677 audies
887 3613 979 3696 quim
1001 3612 1146 3696 loquaris.
