2590 4194
200 351 261 414 132
507 367 626 412 earsru
649 366 841 422 consonum

198 505 331 606 faciunt.
377 511 476 576 Docet
491 511 769 610 enithaulus,eos
790 533 862 616 quos
877 513 985 616 afflavit
1006 513 1159 578 chr'stiana

198 593 321 658 charitas
350 617 408 660 non
433 617 497 658 esse
521 597 577 679 legi
601 596 753 673 obnoxios,
774 617 811 659 eo
837 597 915 681 quod
936 600 1002 681 plus
1024 613 1159 682 prestant

197 676 252 739 suit
272 693 300 741 te
315 694 418 824 sponte
433 679 520 762 quarn
535 680 584 741 lex
598 694 678 742 metu
693 701 787 762 poenae
802 681 890 763 possit
904 696 1086 768 extorquere.

271 785 297 824 r.
350 764 462 838 hristus,
477 763 588 825 Judaeis
601 763 890 840 obmurmurantibus,
902 765 981 848 qudd
1003 787 1071 828 cum
1086 767 1159 849 pub·

198 845 295 907 licanis
310 860 338 908 et
352 847 552 928 peccatoribus
566 846 686 924 haberet
700 847 787 908 etiam
801 869 908 910 mensae
928 848 1160 925 familiaritatem,

197 927 353 1024 respoudit,
368 928 442 992 Nou
458 951 517 990 esse
530 950 603 1012 opus
618 929 727 992 medico
746 930 782 991 iis
797 931 851 1014 qui
863 933 937 994 recte'
952 931 1094 1009 valerent,
1108 933 1159 994 sed

197 1032 249 1095 qut
262 1010 355 1072 mitrale
370 1022 463 1074 errent
471 1014 618 1096 prosperi
633 1011 807 1075 calchidica.
852 1013 921 1076 Non
944 1017 1079 1078 abhorret
1092 1017 1159 1078 hinc

217 1093 276 1156 uod
290 1095 368 1178 apud
383 1095 571 1158 Plutarchum
585 1096 658 1157 dixit
683 1096 825 1174 Phocion,
842 1097 889 1180 qui
910 1097 979 1160 ciun
1001 1101 1159 1181 reprehen-

196 1115 313 1240 deretur
323 1177 401 1274 qubd
413 1179 521 1240 homini
532 1179 667 1240 illaudato
678 1179 866 1262 improboque
874 1181 1068 1262 patrocinatus
1083 1197 1160 1244 esset

196 1259 225 1322 in
246 1260 358 1344 judicto
379 1283 438 1322 non
462 1261 556 1322 minus
578 1261 716 1322 festiviter
731 1261 818 1344 quiam
840 1263 1009 1338 clementer,
1030 1263 1158 1346 Quidni,

195 1343 297 1426 inquit,
333 1344 431 1405 cando
444 1365 526 1405 rrenro
534 1343 646 1424 probus
660 1342 777 1425 indiget
791 1343 848 1404 tati
853 1343 1034 1426 patrocinio.

242 1425 299 1508 Gy.
352 1440 363 1486 t
378 1426 453 1486 istud
467 1425 627 1487 christiane
642 1426 774 1486 bonitatis
788 1427 957 1508 exemplum
972 1442 1026 1503 est,
1042 1428 1078 1489 ad
1103 1449 1157 1490 ex-

195 1509 325 1590 emplum
339 1507 435 1570 aeterni
450 1509 546 1591 patrie,
561 1522 591 1570 et
604 1509 701 1590 probis
720 1523 750 1570 et
770 1509 908 1590 improbis
929 1525 1068 1592 quantum
1089 1511 1159 1574 licet

194 1590 376 1665 benefacere,
391 1591 440 1674 qui
454 1593 546 1652 solem
562 1612 646 1652 suurn
661 1591 727 1652 oriri
736 1591 830 1686 jubet,
844 1612 903 1652 non
917 1593 1011 1654 solinu
1025 1593 1089 1674 piis,
1105 1593 1159 1654 sed

196 1674 283 1736 etiam
306 1674 428 1758 impiis*
470 1671 585 1736 Verum
607 1673 799 1736 admirabilius
823 1672 938 1736 forsitan
961 1675 1016 1738 erit
1036 1676 1065 1736 in
1090 1697 1159 1757 rege

195 1757 399 1820 moderationis
409 1758 589 1842 exemplum.
633 1755 713 1819 Cum
724 1755 935 1832 Demochares,
950 1757 1157 1820 Demosthenis

194 1861 296 1923 nepos,
321 1841 543 1902 Atheniensium
567 1841 683 1902 nomine
711 1839 852 1921 legatione
881 1837 1049 1922 iungeretur
1079 1842 1157 1924 apud

194 1921 363 2004 Philippum
385 1921 584 1992 Macedonum
606 1944 715 2004 regern,
731 1936 762 1984 et
785 1923 945 2004 impetratis
968 1946 1030 2008 quae
1045 1925 1158 1988 volebat

193 2024 293 2086 arege
308 2004 508 2078 dimitteretur,
522 2005 687 2066 humaniter
699 2006 893 2086 interrogante
916 2006 939 2067 si
964 2007 1034 2090 quid
1056 2021 1157 2090 prate-

192 2107 243 2147 rea
271 2086 375 2163 vellet3
415 2084 456 2148 Ut
484 2085 608 2168 teipsum
635 2087 803 2170 suspendas,
826 2088 917 2170 inquit
944 2089 1154 2153 Demochares.

192 2167 262 2230 Vox
277 2168 419 2252 impotens
432 2168 530 2230 odium
553 2171 710 2251 arguebat3
731 2191 785 2232 rex
808 2185 878 2246 erat,
894 2184 923 2233 et
937 2172 1155 2250 benemeritus,

192 2251 222 2314 in
244 2273 332 2336 quern
341 2251 502 2336 jaciebatur
522 2251 705 2315 convicium:
726 2275 781 2316 nec
796 2267 894 2316 tamen
909 2255 1072 2331 incanduit;
1093 2269 1157 2318 tan·

192 2335 255 2398 tiun
278 2336 315 2398 ad
339 2337 464 2419 collegas
487 2356 652 2414 conversus,
680 2336 752 2412 Vos,
775 2336 874 2420 inquit,
899 2335 961 2398 tec
986 2337 1156 2402 renunciate

194 2417 310 2517 populu
323 2418 510 2496 Atheniensi,
526 2421 583 2503 quo*
598 2441 629 2481 rc
644 2419 764 2504 cognite
778 2417 895 2502 judicet
915 2429 1013 2482 utrum
1026 2422 1156 2484 nortrrlm

193 2503 335 2566 existimet
339 2503 584 2599 praestantiorem,
595 2524 649 2580 rue,
661 2503 714 2586 qui
724 2502 784 2564 hec
788 2503 940 2585 patienter
951 2503 1104 2579 audierim,
1116 2527 1156 2566 uu

191 2585 278 2648 istum
293 2607 345 2668 qur
359 2583 422 2646 brec
435 2585 522 2646 dixit.
565 2585 625 2646 Ubi
638 2608 715 2648 nunc
734 2601 799 2647 suut
820 2585 896 2648 orbis
917 2587 1091 2662 monarche,
1107 2587 1154 2669 qui

192 2685 225 2728 se
249 2668 301 2728 diis
326 2687 412 2746 pares
434 2680 544 2748 putant,
568 2679 598 2728 et
619 2668 658 2728 ob
683 2667 805 2729 verbum
819 2668 894 2729 inter
916 2670 1023 2748 pocula
1045 2667 1155 2732 dictum

191 2748 297 2809 atrocia
311 2748 387 2808 bella
400 2749 567 2808 concitant?

233 2827 292 2889 Hi.
315 2826 440 2908 Magnos
454 2827 578 2911 impetus
592 2829 680 2890 habet
695 2829 789 2911 gloriae
805 2829 872 2904 sitis,
887 2829 1049 2910 multosque
1063 2844 1155 2894 trans-

191 2931 288 2975 versos
303 2909 361 2994 agit
371 2909 420 2972 hic
431 2911 561 2974 affectus.
606 2909 657 2972 Ex
672 2931 772 2972 eorum
787 2931 909 2972 numero
920 2911 1038 2992 quidam
1049 2911 1155 2974 Socra·

192 3008 250 3058 tem
264 2994 467 3076 interrogabat,
482 2993 541 3078 qud
555 2991 603 3056 vit
616 2993 668 3056 sibi
678 3007 780 3090 posset
792 2993 968 3075 compendio
989 2993 1154 3056 honestissi-

191 3099 270 3140 mam
297 3097 467 3159 oompararc
496 3077 613 3154 samam,
647 3076 685 3138 St
717 3075 814 3154 talem,
850 3075 951 3157 inquit,
977 3075 1154 3158 prestiteris

191 3159 314 3244 teipsam
328 3158 424 3242 quatis
438 3158 541 3222 haberi
554 3159 607 3222 cis.

233 3241 285 3306 Ju.
308 3239 447 3304 Proseetd
458 3259 518 3305 'non
533 3243 619 3306 video
635 3242 703 3326 quid
721 3241 777 3304 dici
799 3242 889 3325 possit
910 3241 957 3304 vel
978 3241 1092 3325 brevius
1107 3245 1153 3306 vel

190 3327 356 3389 absolutius.
400 3325 495 3388 Fama
509 3348 568 3388 nou
582 3339 626 3388 est
639 3325 812 3400 affectanda,
827 3325 880 3387 sed
901 3345 937 3386 ea
962 3324 1096 3388 virtutem
1110 3327 1154 3388 ul·

189 3411 403 3490 trooomitatur,
419 3409 666 3494 quemadmodum
687 3407 901 3490 improbitatem
922 3405 1047 3470 iufamia.
1091 3404 1153 3470 Vos

189 3483 369 3555 admiremini
384 3492 469 3569 viros,
484 3493 555 3554 mihi
568 3493 665 3589 puella
680 3491 808 3554 Lacaena
825 3491 942 3574 placuit,
957 3511 1021 3574 que
1041 3491 1109 3554 crim
1125 3491 1153 3554 iu

186 3575 323 3638 auctione
347 3576 531 3712 venderfitur,
556 3577 678 3640 licitator
701 3574 818 3659 quidam
840 3573 909 3638 adiit
930 3574 1018 3652 illam,
1046 3573 1152 3659 Quid?
