2590 4194
619 345 669 418 92

213 524 277 590 Ubi
299 527 478 604 concordia,
501 528 638 591 omnium
662 527 814 591 bonomm
837 529 1048 592 conservatrix
1072 529 1129 593 llo-

172 619 248 686 raut,
263 612 368 674 omnia
381 613 462 674 bene
477 633 510 673 se
524 612 662 675 hubent:
684 612 738 674 ubi
764 612 834 676 lites
856 613 988 676 seminat
1010 613 1128 676 discor-

171 693 234 770 dia,
249 695 270 732 ⁴*
283 695 360 757 nihil
373 717 437 758 non
451 695 602 758 malorum
615 696 733 758 videas.

213 778 378 841 Civitatem
406 801 468 842 non
504 780 595 855 saxis,
625 779 765 862 lignisve,
796 779 851 841 sed
872 779 987 842 civium
1015 781 1127 844 virtute

170 861 282 923 muniri
298 873 430 944 oportet,
449 884 527 943 quos
549 863 574 924 si
596 863 701 946 jungit
714 863 893 940 concordia,
908 863 1012 926 nullus
1026 875 1127 947 potest

171 963 239 1008 esse
252 965 358 1008 murus
372 946 651 1030 inexpugnabilior.

213 1081 355 1144 Fratrum
386 1083 467 1155 inter
498 1105 531 1146 se
554 1084 724 1146 concordia
753 1085 861 1166 quovis
891 1105 980 1147 muro
1011 1085 1127 1148 sinnius

171 1165 397 1229 munimentum
411 1177 469 1230 cst.

140 1325 143 1328 Ι
216 1249 356 1312 Scilurus
370 1252 532 1334 octoginta
554 1251 633 1313 filios
655 1251 784 1332 habene,
807 1253 879 1315 cum
896 1262 979 1315 esset
1001 1253 1128 1315 moritu·
1159 1291 1161 1294 <

172 1353 234 1409 rus,
262 1332 445 1397 fasciculum
466 1334 641 1417 jaculorum
663 1335 793 1417 singulis
814 1336 957 1416 porrexit,
976 1336 1127 1419 jussitque

172 1435 325 1496 rumpere.
371 1417 408 1479 Id
432 1418 504 1480 ciun
528 1418 643 1500 singuli
665 1419 900 1495 recusavissent,
915 1440 954 1482 eo
969 1420 1052 1500 qubd
1072 1421 1129 1482 im·

172 1498 320 1594 possibile
334 1500 499 1577 videretur,
524 1501 590 1583 ipse
613 1502 736 1584 singula
756 1503 864 1586 jacula
883 1503 1008 1579 exemit,
1033 1513 1128 1584 atque

172 1592 217 1646 ita
230 1583 335 1645 omnia
349 1584 440 1648 facile
456 1585 620 1669 confregit,
635 1585 715 1649 filios
730 1587 899 1650 admonens
913 1587 961 1648 his
974 1587 1098 1666 verbis3

216 1665 416 1731 steinvorde
429 1669 557 1755 firmite,
572 1669 671 1746 velidi,
695 1670 848 1755 invictique
867 1669 1015 1732 manebitis
1024 1693 1037 1746 ;
1058 1693 1129 1733 con·

172 1750 229 1828 trd,
243 1751 270 1814 ri
282 1753 408 1817 dissidiis
422 1765 449 1816 et
466 1754 604 1828 seditione
627 1755 689 1818 sitii
709 1754 847 1831 distructi,
860 1753 1019 1818 'imbecilles
1040 1754 1128 1835 critis,

172 1844 200 1898 ct
213 1847 383 1922 expugnatu
387 1837 504 1921 faciles.
1109 1867 1113 1872 ’

542 1961 758 2016 BENEFICIA.

215 2058 301 2128 Quae
340 2060 412 2124 ratis
427 2083 446 2125 a
460 2061 530 2126 Deo
541 2064 692 2146 accepisti
707 2063 802 2148 gratis
816 2075 939 2147 praesta.

215 2142 260 2207 Ut
284 2081 338 2207 soi
353 2146 520 2224 sceleratis,
539 2148 626 2232 juxta
650 2169 688 2210 ac
710 2148 769 2232 piis
790 2149 906 2230 oritur3
928 2151 972 2214 ita
993 2151 1128 2217 benefici

172 2235 221 2290 est
234 2229 330 2310 gratis
344 2240 377 2294 et
391 2230 519 2316 ingratis
533 2233 619 2294 dare.

216 2312 322 2378 Unum
335 2315 417 2379 bene
430 2315 621 2380 collocatum
634 2317 824 2382 beneficium
845 2317 1013 2382 multorum
1037 2320 1128 2384 amis-

172 2419 276 2464 sorum
290 2399 406 2463 solatur
420 2401 544 2465 darnna.

215 2484 281 2556 Qui
303 2484 440 2548 liberalis
462 2496 519 2564 est,
533 2507 597 2548 non
611 2496 758 2568 expectat
779 2496 814 2550 ut
834 2496 960 2570 rogetur
971 2509 981 2567 ;
1002 2488 1058 2551 sed
1079 2487 1128 2551 ul-

172 2569 219 2632 trb
233 2569 345 2650 quaerit
359 2569 558 2632 occasionem
573 2569 735 2652 largiendi.

214 2653 346 2714 Parvum
368 2651 557 2714 beneficium
571 2653 751 2733 tempestive
773 2654 923 2717 collatum
944 2655 1127 2737 accipienti·

171 2733 230 2795 bus
244 2734 280 2794 fit
291 2733 468 2794 maximum.

214 2813 401 2896 Duplicatur
425 2815 618 2878 liberalitatis
642 2816 752 2898 gratia,
775 2817 846 2877 clun
868 2817 993 2878 accedit
1016 2820 1128 2882 celeri-

172 2909 238 2964 tas:
258 2897 358 2962 mimis
372 2898 528 2980 decipitur
541 2899 593 2960 cui
608 2909 740 2982 negatur
755 2899 897 2961 celerius.

215 2985 318 3059 Errat,
333 2981 358 3045 si
373 2983 441 3066 quis
456 2983 644 3046 beneficium
665 2983 789 3046 liberius
811 2982 937 3065 accipit,
952 2983 1044 3064 quem
1057 2985 1126 3046 red·

172 3070 240 3133 dit:
261 3067 386 3130 hilarior
400 3088 467 3130 esse
482 3068 578 3130 debet
592 3067 645 3149 qui
660 3063 760 3144 solvit,
775 3069 867 3150 quim
882 3067 935 3149 qui
949 3077 1080 3130 mutuat.

213 3185 424 3252 Liberalitatis
450 3186 513 3249 duo
541 3197 613 3249 sunt
638 3187 770 3250 maxime
800 3187 973 3259 laudabiles
1008 3186 1127 3268 fontes;

170 3293 278 3338 verum
289 3269 451 3354 judicium,
465 3282 498 3332 et
512 3271 644 3333 honesta
657 3271 887 3334 benevolentia.

176 3425 180 3433 ,
215 3357 266 3422 Ne
287 3355 326 3418 sit
346 3354 443 3437 major
466 3355 677 3418 beneficentia
690 3355 781 3434 quim
804 3354 955 3434 facultas3
977 3355 1029 3434 qui
1044 3355 1127 3418 enim

170 3439 430 3506 beneficentiores
445 3459 512 3502 esse
527 3438 636 3501 volunt
654 3440 745 3518 quim
769 3460 818 3502 res
832 3439 957 3520 patitur,
968 3439 1044 3500 dum
1057 3439 1126 3501 aliis

171 3525 317 3628 pmdesse
332 3523 467 3599 student,
480 3522 541 3584 sibi
556 3522 629 3604 ipsis
643 3532 769 3584 nocent.

354 3662 368 3688 ⁸*
377 3660 448 3708 Nihil
463 3675 513 3710 non
528 3659 759 3720 mulorum-every
774 3657 835 3706 kind
850 3657 880 3706 of
891 3658 948 3706 evil.
