2590 4194
607 363 677 435 105

203 543 357 610 Homines
392 544 549 627 sapientes
579 542 681 606 solent
716 552 789 607 ante
821 541 906 607 saeta
936 541 1119 620 deliberare,

163 628 251 692 stulti
265 639 371 692 autem
386 639 457 711 post
471 628 565 690 saeta.

206 713 369 775 Prudentis
383 723 431 775 est
445 712 477 774 in
492 711 596 774 alieno
610 710 760 793 fugienda
784 711 907 773 intueri.
951 711 1121 774 Prudentia

162 795 254 858 nobis
275 796 406 858 maxime
422 796 630 858 necessarium
644 805 712 873 est3
733 795 829 857 docet
842 794 926 858 enim
940 795 1016 890 quid
1041 794 1121 876 fugi·

163 879 289 955 endum,
315 880 390 960 quid
413 879 583 942 tenendum
604 878 662 940 sit:
682 841 778 941 dboet
799 889 834 942 ut
854 878 886 940 in
908 878 1030 942 cunctis
1052 877 1121 958 quis
1220 903 1248 922 ν

163 961 247 1024 idem
275 963 324 1040 sit,
352 963 471 1026 tamin
499 962 653 1045 prosperis
675 982 769 1043 quam
791 962 823 1026 in
845 962 995 1024 adversis.
1027 961 1122 1048 docet

164 1045 302 1126 denique
331 1045 486 1128 quomodo
514 1046 680 1128 praesentia
707 1045 840 1123 ordines,
862 1055 896 1109 et
917 1045 1020 1114 fiitura
1051 1041 1121 1128 pro·

163 1129 374 1276 vidpppdemia
396 1222 484 1275 tanto
497 1211 619 1274 oaeteris
633 1211 797 1275 virtutibus
820 1211 991 1289 antecellit,
1004 1219 1122 1294 quanto

162 1296 286 1360 caeteris
300 1297 442 1360 sensibus
456 1305 583 1379 praestat
596 1295 690 1358 visus.

205 1501 288 1564 Haec
301 1501 448 1564 beneficii
468 1501 549 1564 inter
562 1500 641 1562 duos
655 1500 705 1563 lex
724 1511 793 1581 est;
814 1499 894 1566 alter
914 1501 1019 1566 statim
1042 1500 1122 1566 obli

163 1586 241 1647 viset
230 1585 350 1648 debet
364 1585 440 1660 dati,
456 1584 534 1646 alter
550 1584 673 1677 accepti
687 1601 857 1664 nunquam.

207 1667 360 1730 Generosi
375 1667 467 1744 animi
482 1677 515 1730 et
528 1665 687 1747 magnifici
700 1675 748 1731 est
767 1666 874 1750 juvare
899 1676 933 1730 et
956 1667 1122 1750 prodesse.

165 1771 220 1834 qui
210 1751 289 1814 dat
302 1733 458 1814 beneficia
471 1749 596 1814 Deum
589 1749 733 1812 imitatur.

208 1834 261 1897 Ab
275 1835 435 1916 Antigono
450 1833 587 1936 Cypicus
608 1831 734 1914 quidam
753 1831 843 1914 petiit
867 1801 1040 1899 talentum.
1060 1855 1123 1898 res·

164 1919 284 2000 pendit,
298 1917 375 1982 Plus
389 1940 445 1980 esse
456 1917 543 2002 qudm
556 1916 636 2001 quod
651 1915 775 2000 Cynicus
782 1926 881 1998 petere
894 1915 997 1980 debet·
983 1963 995 1995 ,
988 1919 1123 2001 ·-repul

164 2022 216 2064 sus
243 2002 324 2084 petit
347 1999 856 2083 denarium31espondit3M'nus
870 2023 926 2064 esse
940 2002 1028 2087 qudm
1043 2002 1123 2088 quod

164 2106 261 2180 regem
275 2085 382 2148 deceret
396 2085 477 2147 dure.

207 2168 295 2233 Nihil
319 2168 409 2249 aequb
434 2188 573 2232 amarum
586 2177 635 2230 est
648 2167 740 2248 quim
759 2167 813 2229 diu
835 2169 991 2250 pendere:
1011 2169 1122 2234 melitis

165 2273 237 2336 spes
258 2252 436 2335 proeoiditur
456 2253 551 2332 quam
579 2250 839 2321 eskitunam
868 2253 955 2316 tarde
987 2253 1121 2336 proiicit,

166 2357 230 2402 non
244 2357 284 2402 ex
297 2336 401 2401 animo
415 2334 501 2399 facit.

601 2435 686 2489 Alta.

208 2522 324 2586 Fabius
338 2522 439 2605 pictor
453 2521 561 2586 felices
575 2531 656 2585 artes
671 2519 787 2583 futuras
808 2519 861 2600 ait,
875 2519 901 2588 si
916 2520 973 2585 soli
988 2521 1122 2588 artifices

166 2606 242 2670 de'
223 2627 260 2669 ns
272 2607 459 2702 judicarent.

209 2691 257 2754 Ex
270 2691 398 2753 minimo
412 2689 543 2772 vestigio
558 2689 666 2752 artifex
680 2687 832 2752 artificem
840 2689 1020 2786 cognoscit.

210 2775 314 2838 Nemo
328 2775 412 2837 recte
427 2774 467 2835 de
482 2773 614 2836 artifieio
628 2782 731 2855 potest
742 2771 926 2855 judicare
896 2795 956 2836 nisi
946 2773 1090 2840 artifex.

210 2858 318 2927 Quam
331 2857 392 2919 soit
405 2857 536 2938 quisque
551 2867 697 2920 exerceat
711 2867 820 2919 artem.

209 2941 379 3005 Praxiteles
401 2962 513 3021 equam
535 2942 621 3003 tanti
644 2939 739 3002 animi
759 2939 933 3034 sagacitate
957 2941 1065 3021 pinxit,
1086 2955 1122 3008 ut

166 3047 265 3120 equus
279 3025 405 3106 quidem
421 3024 556 3085 hinnitus
567 3025 659 3086 edere
674 3031 803 3084 coactus
818 3021 927 3101 fuerit;
948 3043 1121 3120 canemque

167 3109 256 3193 eujus
271 3118 400 3198 aspectu
415 3107 501 3170 oanis
516 3107 594 3170 alter
604 3128 624 3168 e
637 3107 751 3168 latratu
765 3105 919 3170 abstinere
933 3127 997 3170 non
1008 3109 1120 3192 potuit.

211 3312 310 3376 Ab'
281 3333 349 3396 eJus
370 3313 517 3393 operibus
542 3243 705 3395 ineibierds
726 3313 829 3376 Deum
850 3312 960 3376 nbsse.
981 3331 1122 3406 quoeun-

168 3417 229 3478 que
251 3407 282 3459 te
305 3396 436 3472 flexeris
461 3396 504 3458 ibi
533 3396 636 3459 Deum
656 3397 774 3462 videbis
803 3404 1019 3460 occurrentem
1043 3393 1122 3458 tibi.

168 3479 245 3545 nihil
261 3481 301 3542 ab
316 3479 371 3541 illo
385 3489 487 3541 vacat.

209 3565 310 3628 Totus
333 3563 466 3626 mundus
488 3562 549 3626 Dei
573 3563 753 3628 immortalis
771 3573 819 3626 est
832 3559 1002 3642 templum.
1022 3559 1121 3629 soliun

167 3649 295 3732 quidem
309 3647 513 3730 amplitudine
528 3669 566 3712 ne
580 3647 814 3733 magnificentib
827 3646 966 3732 dignum.
