2590 4194
632 355 700 424 107

225 534 363 598 Facilius
377 543 425 596 est
444 544 658 617 paupertatem
680 534 806 598 laudare
831 534 924 616 quim
946 533 1025 599 ferre
1036 555 1046 614 ς
1066 552 1140 598 cen·

182 639 236 700 sus
245 619 284 680 ¹in
298 618 407 681 castris
421 618 562 681 ordinem
576 629 745 700 promovet.

226 702 264 764 In
279 723 405 765 carcere
431 703 578 764 Socrates
598 701 775 783 disputavit,
789 711 823 764 et
844 701 928 765 exire
952 700 1074 779 noluit3
1095 719 1143 764 re-

183 787 369 866 mansitque,
383 796 418 848 ut
431 786 560 847 duarum
577 806 678 848 rerum
699 785 946 868 gravissimarum
966 783 1143 848 hominibus
1165 835 1167 839 .

183 880 302 933 metum
314 870 463 946 demeret,
478 869 584 931 mortis
600 878 632 931 et
646 869 791 932 carceris.

467 1004 531 1059 DEI
562 1006 873 1061 BENEVOLENTIA.

227 1075 314 1138 Deus
337 1075 472 1138 humano
493 1076 601 1158 generi
624 1077 781 1158 praecipub
800 1076 970 1138 ministrat:
991 1075 1023 1138 in
1046 1073 1144 1158 primii

183 1160 289 1221 verbm
302 1159 524 1222 constitutione
547 1159 687 1222 rationem
710 1159 827 1222 homini
852 1159 958 1222 dedit:
981 1158 1041 1223 hirc
1056 1168 1143 1222 ante·

184 1243 325 1304 cedimus
340 1243 495 1319 animalia,
509 1243 612 1305 Deum
626 1243 793 1324 sequimur.

228 1326 318 1394 Quid
338 1335 444 1389 autem
465 1325 569 1389 ratio?
592 1327 679 1389 Nihil
694 1326 781 1390 aliud
802 1326 895 1408 quam
908 1324 1005 1388 divini
1019 1323 1143 1410 spiritus

184 1429 255 1490 pars
270 1410 301 1471 in
316 1430 429 1491 corpus
442 1409 611 1471 humanum
624 1430 735 1473 mersa.

227 1493 300 1574 Ipsa
314 1492 420 1554 formae
439 1503 552 1554 nostrae
567 1493 767 1574 pulchritudo
790 1493 893 1555 Deum
912 1492 1025 1556 latetur
1049 1491 1144 1556 artifi-
1175 1517 1178 1522 ·

184 1597 274 1655 cem3
296 1575 397 1637 vultus
412 1585 544 1650 erectus,
559 1576 644 1637 oculi
659 1577 692 1638 in
707 1575 940 1652 summ0,veluti
954 1575 987 1637 in
1003 1575 1143 1657 speculo,

185 1657 357 1735 constituti,
371 1668 404 1720 et
418 1678 526 1720 omnes
540 1658 647 1720 caeteri
672 1680 781 1722 sensus
802 1657 887 1720 velut
909 1659 941 1720 in
962 1678 1035 1722 arce
1057 1679 1144 1722 com-

228 1742 289 1804 siti.

131 1817 138 1836 ¹
185 1763 315 1888 poNihil
330 1824 362 1888 in
378 1824 503 1888 homine
525 1825 734 1888 membromm
748 1834 796 1888 est
816 1825 900 1905 quod
923 1845 987 1890 non
1007 1823 1143 1890 necessi·

185 1909 300 1972 tudinis
315 1930 412 1971 causa
425 1909 466 1970 sit
479 1918 512 1970 et
526 1909 659 1970 decoris.

226 1993 289 2056 Ver
304 1994 394 2073 aeque
410 2013 482 2054 cum
498 1991 560 2053 suis
575 1991 712 2068 floribus,
727 2002 760 2056 et
773 2003 865 2056 oestas
879 2013 952 2056 cum
976 1992 1039 2056 suis
1061 2013 1142 2058 mes-

183 2078 278 2154 sibus,
293 2086 326 2139 et
340 2075 480 2138 autumni
498 2075 659 2138 maturitas
682 2086 781 2159 grata,
797 2087 957 2140 auctorem
977 2098 1066 2142 suum
1086 2097 1142 2161 pa·

183 2171 364 2242 rentemque
380 2169 542 2222 testantur.

458 2269 597 2352 nanum
625 2297 865 2353 nrssonuuro.

226 2386 309 2449 Haec
330 2386 439 2449 mundi
461 2385 581 2460 domus,
610 2383 727 2446 coelum
757 2403 881 2464 quoque
903 2402 976 2444 cum
997 2380 1142 2445 omnibus

183 2495 253 2554 quae
269 2469 353 2534 coelo
367 2469 568 2532 continentur
582 2469 635 2544 ita,
650 2478 685 2529 ut
699 2476 872 2548 creperum,
886 2465 1039 2528 desinent.

224 2557 347 2635 Corpus
368 2574 471 2628 omne,
486 2552 550 2613 sive
576 2553 688 2614 arescit
710 2551 742 2612 in
762 2549 930 2632 pulverem,
945 2549 1008 2612 sive
1033 2547 1066 2612 in
1084 2548 1141 2612 hu·

182 2660 300 2703 morem
322 2636 460 2712 solvitur,
488 2634 537 2698 vel
561 2635 593 2696 in
615 2636 752 2697 cinerem
781 2633 1001 2716 comprimitur,
1026 2633 1141 2697 subdu-

182 2724 264 2786 citur
277 2721 379 2796 nobis,
395 2741 413 2782 a
427 2720 497 2783 Deo
511 2720 735 2783 elementorum
750 2717 879 2781 custode
895 2728 1075 2782 reservatur.

225 2805 281 2869 Sol
303 2803 458 2886 demergit
479 2813 512 2866 et
533 2803 691 2866 nascitur:
723 2803 814 2866 flores
835 2802 985 2866 occidunt
1006 2813 1039 2867 et
1063 2801 1140 2866 revi-

83 2931 85 2935 -
181 2890 324 2967 viscunt3
346 2887 576 2970 expectandum
591 2887 681 2949 nobis
695 2887 789 2950 etiam
804 2886 942 2967 corporis
957 2908 1010 2949 ver
1023 2897 1082 2950 est.

224 3055 417 3137 Pythagoras
442 3053 608 3116 familiares
633 3073 704 3114 suos
726 3049 915 3127 hortabatur,
930 3059 965 3113 ut
988 3051 1140 3198 optimum
1203 3075 1208 3086 ·

181 3139 304 3202 vivendi
319 3159 419 3221 genus
440 3138 500 3201 sibi
521 3136 695 3220 deligerent
706 3159 715 3215 3
737 3134 875 3217 quamvis
896 3135 979 3198 enim
1018 3135 1139 3200 aborio-

80 3269 82 3276 -
181 3245 250 3286 sum
264 3232 356 3299 esset,
372 3221 599 3284 consuetudine
614 3231 718 3283 tamen
731 3221 904 3305 jucundum
919 3220 995 3284 sore.

224 3305 415 3370 Anacharsis
430 3305 516 3388 leges
530 3326 711 3368 aranearum
732 3305 802 3369 telis
823 3305 1045 3387 comparabat3
1066 3323 1139 3366 nam

181 3401 217 3454 ut
240 3391 309 3452 illas
334 3389 503 3452 infirmiora
516 3388 663 3452 animalia
684 3390 827 3466 retinere,
852 3389 1021 3451 valentiora
1042 3397 1139 3450 trans·

179 3475 303 3539 mittere
315 3497 325 3552 ;
345 3473 390 3536 ita
404 3472 451 3534 his
465 3471 597 3534 humiles
611 3484 643 3536 et
656 3494 809 3558 pauperes
834 3471 1014 3556 constringi,
1028 3469 1139 3536 divites

177 3563 214 3624 'et
228 3568 373 3640 potentes
387 3577 450 3620 non
465 3556 597 3642 alligari.

224 3640 352 3719 Thales,
368 3640 573 3727 interrogatus
587 3643 663 3727 quid
686 3652 769 3708 esset
783 3641 815 3708 in
837 3641 902 3708 tobi
915 3663 1017 3709 rerum
1030 3643 1140 3709 natat
