2570 4180
594 281 710 410 'aa'

198 557 296 626 Esei'is
309 551 414 628 itaque
429 530 586 621 proiectus
600 525 650 582 est
663 511 819 574 venatum.

202 743 354 810 Rebecca
374 710 565 791 audieratis
610 622 664 683 29·
774 688 899 754 entem:
920 652 1044 726 vocavit
1063 645 1122 709 Ja-

162 831 285 898 cobum,
310 828 343 881 et
367 809 486 876 afferto,
510 789 621 872 inquit,
639 775 715 844 mihi
737 772 816 831 duos
837 744 954 818 haedos'
973 736 1124 819 opimos:

741 864 812 914 tuus
825 834 915 929 valde
930 824 1125 895 delectatur;

163 907 328 973 conficiam
342 894 545 978 pulmentum,
561 891 623 954 quo
638 872 727 947 pater

78 1039 81 1042 ⁴
164 1007 302 1073 appones
316 983 346 1045 ei
361 977 478 1042 cibum,
492 973 525 1025 et
538 961 620 1020 bene
636 935 814 1030 precabitur
828 922 896 984 tibi.

777 1016 819 1076 im
833 999 994 1067 idiomate,
1008 989 1128 1046 mater:

206 1069 342 1134 lacobus
364 1047 543 1136 respondit:
564 1056 626 1119 ego
640 1047 705 1092 non
720 1038 776 1082 aus

166 1158 263 1220 Esaiis
290 1157 338 1212 est
366 1140 508 1224 pilosus3
536 1142 598 1204 ego
626 1131 695 1176 sum
813 1115 820 1153 :

167 1231 354 1303 tractaverit,
380 1207 580 1284 succensebit
603 1197 642 1262 m'
670 1193 701 1268 ‘3
788 1179 794 1189 ’
844 1171 849 1182 ’
932 1160 938 1171 ’

167 1323 315 1383 damnum
328 1305 405 1372 mihi
420 1295 565 1367 evenient
575 1286 635 1365 ‘pro
651 1274 719 1356 ejus
733 1268 774 1328 be

625 1378 677 1436 30.
697 1384 701 1392 '

96 1503 118 1606 l,
209 1513 363 1577 Rebecca
377 1491 508 1562 institit:
529 1503 571 1546 ne
586 1477 708 1543 timeas,
722 1456 832 1540 inquit,
847 1439 959 1511 filimi.
1007 1430 1041 1494 Si
1056 1419 1139 1506 quid

169 1593 288 1660 adversi
302 1588 376 1652 inde
392 1582 549 1663 sequatur,
564 1563 597 1626 id
612 1566 713 1620 totum
734 1559 822 1607 sumo
839 1525 935 1595 mihi:
957 1530 992 1581 tu
1005 1510 1079 1575 verb
1094 1523 1141 1567 ne

169 1678 294 1742 dubites
309 1672 416 1734 lacere
432 1653 517 1739 quod
543 1663 631 1709 ussus
646 1657 691 1699 es·
1157 1637 1160 1641 »

172 1844 178 1857 ⁸
213 1762 324 1838 Itaque
344 1744 487 1814 lacobus
513 1673 590 1794 altiit
612 1732 646 1786 et
671 1711 776 1779 attulit
795 1695 886 1766 metri
907 1691 987 1752 duos
1008 1675 1143 1748 haed0s3
1196 1738 1197 1742 Ἰ

170 1843 226 1906 illa
254 1835 374 1920 paravit
406 1822 475 1889 seni
498 1815 607 1879 cibum
639 1818 735 1884 quem
763 1788 892 1854 noverat
922 1783 1051 1834 suavem
1071 1772 1145 1827 esse

169 1923 279 2004 palato
293 1919 371 1998 ejus.

214 1999 339 2063 Deinde
375 1985 481 2053 induit
513 1972 674 2040 Jacobum
701 1955 839 2024 vestibus

139 2155 141 2157 ,
169 2081 290 2164 pellem
302 2074 385 2139 haedi
401 2064 550 2133 manibus
565 2055 633 2137 ejus
648 2059 682 2111 et
692 2041 788 2107 collo.

214 2163 309 2235 Tum,
324 2156 387 2229 adi,
403 2147 519 2229 inquit,
542 2148 667 2222 patrem
689 2140 787 2197 tuum,
812 2125 845 2180 et
868 2106 947 2173 offer
968 2096 1014 2163 illi
1043 2105 1151 2157 escam

169 2263 268 2324 quam
283 2237 415 2323 appetit.

644 2305 697 2362 31.

215 2426 354 2520 Jaeobus
370 2416 483 2483 attulit
498 2408 582 2491 patri
598 2423 657 2466 suo
672 2413 780 2460 escam
793 2391 935 2470 paratam
948 2395 968 2434 a
980 2376 1092 2432 matre.

195 2509 277 2599 ‘Cur
291 2508 422 2568 Isaacus
437 2495 541 2558 dixit:
564 2487 713 2568 quisnam
731 2496 765 2537 es
787 2469 845 2532 tu?
868 2458 1006 2524 Jacobus
1029 2460 1156 2525 respon·

168 2588 239 2677 ‹lltf
261 2607 322 2664 ego
343 2603 416 2644 sum
437 2579 541 2638 Esaiis
556 2559 789 2650 primogenitus
803 2563 874 2612 tuus
889 2567 898 2621 3
920 2538 982 2602 feci
997 2529 1084 2613 quod
1096 2526 1158 2607 jus·

169 2675 372 2741 sist1,pater;
396 2676 497 2746 sur-ge
513 2663 548 2711 et
562 2646 700 2709 comede
716 2642 756 2698 de
771 2629 935 2693 venatione
950 2616 1030 2676 med.

218 2743 402 2810 Quomodo,
432 2746 481 2793 art
504 2734 648 2795 isaacus,
676 2714 806 2797 potuisti
827 2701 965 2766 invenire
988 2704 1053 2751 tam
1075 2683 1158 2743 citb?

169 2821 295 2893 Inveni,
309 2830 401 2898 pater
416 2838 424 2874 :
448 2815 542 2873 Deus
558 2808 604 2865 ita
619 2799 732 2861 voluit.

219 2902 345 2961 Isauous
359 2914 492 2958 rursum
506 2913 514 2948 ε
538 2899 637 2967 tune
650 2899 685 2939 es
701 2877 799 2936 Esaiis
814 2854 1039 2947 primogenitus
1053 2843 1160 2911 meus?

866 1938 992 2007 fratris:
1027 1892 1164 2010 aplavit¹

223 3319 348 3378 Isaacus
364 3309 581 3388 amplexatus
608 3225 773 3362 Jac‘dlum
795 3289 973 3373 anteposuit
993 3305 1066 3349 eum
1081 3277 1163 3354 fratri,

181 3408 215 3458 et
228 3396 333 3457 tribuit
347 3393 396 3454 illi
413 3388 533 3490 omnia
548 3387 642 3445 bona
657 3377 874 3462 primogeniti.

226 3477 298 3534 Non
321 3473 428 3534 multo
457 3470 536 3550 post
568 3467 680 3527 Esaiis
704 3463 799 3525 rediit
820 3482 840 3522 a
860 3456 1037 3528 venatione,
1058 3457 1092 3513 et
1109 3444 1165 3528 ipse

184 3553 297 3614 obtulit
309 3553 392 3632 patri
409 3552 631 3631 pulmentum
645 3547 736 3626 quod
751 3550 924 3625 paraverat·
975 3584 976 3587 η
