2570 4180
598 344 737 414 15.

415 522 562 596 Possive
586 520 826 619 impersonols.

190 720 248 793 Ex
274 721 441 792 omnibus
465 719 557 792 locis
582 719 679 791 urbis
705 719 743 795 in
769 717 887 790 forum
912 718 1077 790 curritur.

191 817 254 904 Do¹
278 818 382 891 Italis
407 831 576 890 certatur.

193 914 321 989 Subito
348 941 393 988 ex
418 917 556 987 insidiis
581 915 785 1008 insurgitur.

190 1013 266 1086 Ubi
291 1013 403 1087 semel
428 1039 449 1086 e
475 1026 578 1086 recto
613 1014 820 1084 deerraturn
848 1022 915 1098 ost,
942 1011 980 1083 in
1005 1034 1095 1104 proe-

143 1135 233 1208 oeps
258 1111 477 1208 pervenitur.

583 1285 662 1295 -ι-

300 1369 493 1466 Adjectioes
516 1368 714 1466 signifying
733 1365 849 1465 profit,
876 1368 939 1452 tro.

387 1505 478 1567 Arm,
493 1506 525 1554 n.
541 1505 703 1566 rn-smrn,
718 1505 730 1568 ς
745 1505 768 1554 3.
785 1504 817 1552 n.
828 1504 852 1555 1.

193 1603 310 1698 Sylvae
336 1602 425 1674 dant
448 1601 535 1673 utile
558 1601 699 1694 lignum
723 1600 879 1693 navigiis
904 1599 1021 1694 pinus.

192 1699 325 1775 Miloni
350 1698 436 1770 utile
462 1697 589 1770 fuisset
614 1696 784 1769 Clodium
809 1697 941 1769 vivere.

151 1884 155 1889 ,
194 1797 351 1870 Caesaris
369 1796 521 1868 victoria
539 1809 618 1867 erat
639 1794 849 1890 perniciosa
872 1793 1095 1889 reipublioae.

192 1894 307 1967 Filius
333 1895 426 1990 patri
450 1892 574 1966 similis
597 1903 687 1964 erut.

159 2078 163 2088 Δ
191 1993 212 2033 “
229 1991 426 2066 Portarum
462 1990 571 2087 quum
595 2001 782 2062 oratorum
805 1988 955 2064 similior
978 1989 1097 2065 oratio

144 2101 234 2163 orat.

192 2188 354 2261 Fortuna
378 2187 444 2260 tibi
468 2208 612 2283 sempor
636 2187 683 2260 sit
708 2187 880 2282 benigna.

192 2284 334 2359 Pariter
358 2285 519 2381 patribus
544 2297 583 2358 et
606 2285 703 2380 plebi
729 2309 837 2358 corus
862 2295 951 2358 erat.

193 2383 295 2458 lnvia
319 2383 441 2456 virtuti
466 2382 565 2456 nulla
589 2396 646 2455 est
668 2381 740 2455 via.

194 2481 305 2552 Omni
329 2481 429 2552 aetati
453 2504 550 2552 mors
575 2492 631 2552 est
656 2477 871 2552 eommunis.

197 2577 288 2649 Vivo
313 2577 480 2648 omnibus
505 2589 543 2648 et
567 2577 703 2648 invisus
729 2574 953 2660 etinfestus.

191 2672 277 2750 Non
305 2685 360 2746 est
385 2686 491 2772 aptus
516 2675 617 2769 equis
642 2674 777 2746 Ithacae
802 2673 915 2746 locus.

266 2945 342 3017 The
361 2919 491 3042 person
515 2969 554 3016 or
578 2943 678 3039 thing
703 2956 738 3015 to
763 2969 803 3015 or
815 2944 893 3039 for,
920 2947 983 3030 &a

248 3061 350 3136 Verbo
374 3061 571 3162 siguifying
596 3071 628 3132 to
646 3061 779 3159 pleuto,
799 3060 915 3160 profit,
941 3063 1005 3149 &a

362 3219 452 3280 Aram,
468 3219 500 3267 n.
517 3218 681 3279 1⁷.-Smith‚
695 3217 707 3284 ς
723 3218 745 3268 3.
762 3217 793 3270 rt.
806 3219 878 3284 stt.

194 3300 304 3373 Patet
328 3303 495 3372 omnibus
521 3302 666 3372 ver-itas.

195 3397 322 3471 Surdis
348 3421 473 3471 narras
498 3399 669 3470 tabulam.

145 3519 1098 3680 Μ

146 3645 178 3698 30
226 3643 265 3678 70.
