2590 4194
174 351 235 414 122
263 393 268 406 .
482 363 603 408 rassin
626 363 819 418 cannosum

210 509 268 576 Al.
291 511 450 596 Sumptum
464 512 550 579 saciat
563 503 677 596 oportet
692 511 740 596 qui
754 511 855 594 querit
868 512 992 574 luorum.
1023 535 1028 542 ’

217 592 269 657 Clt.
293 596 386 680 Atqui
408 597 554 672 mortales,
578 596 726 671 utaudio,
742 594 852 670 felicius
873 593 1064 678 negotiantur,
1085 593 1135 677 qui

170 673 286 742 invente
300 679 448 743 Mercurio
461 679 607 741 ditescunt
621 679 695 740 intra
715 677 880 740 triennium.

214 758 266 823 Al.
291 762 352 824 Sed
366 763 454 824 iidem
469 762 638 845 decoquunt
648 782 865 844 nonnunquam.
893 815 895 819 .
910 759 1013 834 Tuum
1022 759 1134 822 luorum

169 843 273 919 minus,
287 845 341 906 sed
354 845 471 908 certius.

217 925 270 988 Ch.
293 923 405 990 Nescio
420 929 508 1012 qulam
523 941 656 1008 certum3
677 927 780 1012 siquis
795 929 870 990 deus
890 949 967 990 nuno
989 925 1137 990 exoriatur

169 1009 279 1091 quires
293 1009 458 1094 princspum
471 1026 640 1094 componat,
655 1034 717 1075 sors
730 1013 795 1074 haee
809 1026 870 1078 tou
882 1011 953 1074 mihi
968 1011 1091 1093 perierit.

209 1091 261 1154 Al.
284 1092 345 1156 lstt
358 1095 476 1191 quidem
491 1095 529 1156 de
544 1117 575 1156 re
591 1094 678 1158 ‘ubeo
691 1110 723 1157 ut
733 1116 781 1156 me
792 1116 931 1177 sponsore
943 1093 971 1154 in
983 1108 1136 1194 utramque

168 1195 269 1238 aurem
295 1177 431 1240 donnus.
474 1177 552 1240 Intra
576 1117 752 1243 decennium
777 1191 870 1239 totum
894 1176 962 1236 nihil
988 1177 1136 1258 estquod

226 1281 273 1322 em
288 1277 408 1333 metuas.
440 1259 539 1320 1Unus
564 1259 716 1318 Romanus
736 1258 867 1337 pontifex
889 1257 994 1317 seduld
1015 1257 1135 1338 quidem

189 1356 298 1403 ortatur
326 1344 363 1402 ad
384 1340 578 1410 concordiam,
600 1339 653 1398 sed
674 1339 794 1398 laterem
816 1339 901 1398 lavat.
946 1337 1134 1400 Murmurant

167 1435 197 1483 et
224 1423 353 1484 civitates
381 1419 465 1480 tedio
494 1419 653 1480 malorum:
687 1419 841 1481 conserunt
867 1441 1000 1481 susurros
1028 1420 1131 1502 populi

165 1503 264 1564 nescio
278 1502 339 1585 qui,
349 1501 512 1564 dictitantes
527 1501 667 1584 iniquum,
678 1515 709 1563 ut
723 1502 761 1562 ob
775 1502 900 1584 privatas
914 1501 970 1563 iras
980 1517 1031 1564 eut
1041 1502 1133 1564 ambi·

165 1585 275 1648 tionem
303 1586 427 1648 duorum
452 1585 589 1660 triumve,
614 1605 661 1646 res
689 1585 823 1646 humane
851 1605 967 1647 sursum
996 1586 1133 1646 deorsum

165 1667 359 1730 misceantur:
395 1667 603 1742 sed-vincent,
631 1667 703 1728 mihi
732 1667 832 1742 crede,
860 1667 1021 1750 quamlibet
1053 1679 1135 1730 recta

166 1751 293 1826 oonsilio,
309 1750 415 1812 Furtae:
459 1750 609 1813 Ceterum
624 1750 693 1832 qnid
707 1750 781 1832 op'us
793 1763 854 1812 erat
865 1751 920 1812 hso
931 1749 1024 1852 gratiis
1034 1763 1134 1832 petere

166 1855 201 1978 ἲι
223 1837 308 1898 eros?
330 1833 380 1896 An
399 1834 478 1918 apud
493 1842 553 1896 hos
570 1855 633 1896 non
654 1846 721 1895 sunt
742 1831 834 1898 fabri?
856 1832 948 1896 Certe
965 1831 1156 1928 Vulcanum.

188 1937 205 1979 a
243 1939 316 1981 mus.
1149 1951 1165 1958 ··

214 1999 267 2064 Ch.
291 1999 431 2077 Pulchre,
446 2001 470 2062 si
485 2023 611 2084 quaeram
625 2022 732 2063 navem
747 2022 862 2062 ercam.

184 2107 188 2128 ¹
208 2083 259 2146 At.
283 2083 409 2148 Minimo
422 2097 588 2146 accensetur
602 2083 712 2166 aliquis.

214 2164 271 2228 cte
290 2166 336 2230 lt‘a
349 2180 404 2243 est,
420 2167 471 2228 sed
487 2166 583 2228 deficit
596 2187 649 2227 nos
664 2167 792 2228 materia.

207 2244 259 2314 Al.
283 2248 367 2323 Quid
381 2250 488 2312 audio?
511 2248 592 2310 Nihil
606 2247 661 2310 illic
676 2246 842 2331 sylvarum?
857 2319 865 2332 ἃ
1127 2319 1131 2326 ,

215 2331 267 2397 Ch.
291 2332 390 2398 Etiam
411 2353 530 2398 nemora
551 2352 616 2416 quar
638 2331 753 2394 fuerant
772 2333 800 2395 in
821 2332 933 2414 campis
954 2331 1062 2414 Elysiis
1083 2332 1134 2394 ab·

169 2437 233 2480 sum
257 2432 285 2482 ta
298 2432 373 2482 sunt

244 2501 264 2562 l.
286 2501 320 2562 In
336 2523 425 2584 quern
439 2500 557 2562 tandem
572 2503 680 2562 usum?

216 2581 270 2644 Ch.
292 2581 458 2642 Exurendis
487 2583 687 2642 hereticorum
715 2581 834 2656 umbris,
863 2580 938 2643 aded
973 2594 1006 2642 ut
1041 2601 1135 2664 nuper

167 2663 261 2724 eoacti
274 2662 365 2721 simus
380 2682 398 2720 e
412 2675 494 2721 terrae
510 2662 667 2722 visceribus
682 2665 822 2724 carbones
836 2664 974 2724 effodere.

104 2821 108 2828 Ι
208 2741 388 2868 dl2>Quidi
410 2761 446 2799 an
463 2741 521 2802 istae
536 2741 717 2802 umbrae‘non
739 2755 861 2823 possunt
882 2743 993 2810 minore
1015 2757 1133 2826 sumptu

208 2843 276 2884 nrrr.

167 2845 269 2968 puch.
292 2903 342 2967 Sic
358 2903 450 2965 visum
464 2917 508 2966 est
522 2899 756 2966 Rhadamantho.
783 2963 790 2970 .

208 2987 259 3052 Al.
282 2987 343 3051 Ubi
364 2986 512 3049 triremem
534 3000 677 3050 mercatus
699 2987 776 3049 eris?
801 2986 880 3049 unde
902 2987 1026 3070 remiges
1048 3009 1132 3072 para·

167 3072 296 3135 buntur?

216 3153 271 3218 Glt.
293 3151 371 3216 Mese
384 3165 480 3237 partes
494 3166 561 3216 sunt
574 3166 675 3215 tenere
690 3153 827 3232 olavum,
848 3153 991 3236 remigent
1011 3154 1132 3232 umbre,

167 3237 193 3302 si
207 3238 298 3300 velint
310 3236 450 3320 trajicere.

209 3319 262 3384 sil.
284 3319 326 3384 At
338 3331 403 3380 sunt
418 3339 481 3400 que
496 3339 554 3378 non
568 3317 729 3380 didioemnt
743 3339 857 3380 remum
871 3339 968 3400 agere.

215 3401 271 3465 ct.
293 3399 386 3497 Apud
399 3419 447 3460 me
461 3399 558 3460 nullus
572 3414 617 3460 est
638 3401 782 3476 eximius;
804 3401 946 3482 remigant
967 3414 996 3464 et
1018 3422 1134 3465 monar-

168 3485 242 3559 che,
265 3494 409 3568 remigant
433 3495 463 3544 et
485 3481 657 3556 cardinales,
680 3503 764 3544 stram
789 3483 913 3566 quisque
938 3482 1043 3560 vicem,
1074 3505 1133 3547 non

168 3565 263 3656 mirrhe
284 3564 372 3648 quim
393 3563 500 3648 plebeii
520 3577 633 3642 tenues,
648 3564 710 3627 sive
725 3565 878 3630 didicerint
898 3565 961 3629 sive
981 3587 1040 3630 non
1060 3567 1135 3630 didi·

169 3658 272 3708 cennt.
1143 3706 1144 3709 ,
