2590 4194
644 336 692 405 84

612 596 720 652 LAUS.

230 771 325 835 Haud
359 770 486 853 vulgare
517 768 705 832 beneficirun
737 777 784 832 est
814 769 846 831 in
875 770 968 834 rebus
1002 768 1140 833 honestis

168 854 307 916 ‘laudari
318 877 329 934 3
349 853 416 916 laus
443 852 526 915 enim
548 852 628 934 parit
649 853 888 928 aemulationem,
910 853 1067 916 aemulario
1081 854 1140 916 vir-

90 993 98 1016 ,
169 970 172 978 «
188 947 296 1014 tutem,
311 937 405 998 virtus
420 935 610 998 felicitatem.

231 1020 351 1082 Bonum
375 1029 423 1082 est
446 1019 574 1093 laudari,
590 1019 644 1080 sed
658 1013 852 1100 praestantius
873 1031 1009 1083 estesse
1032 1019 1139 1082 lauda-

187 1101 293 1165 bilem.
337 1103 503 1166 Neminem
517 1102 580 1164 cito
595 1101 696 1178 lauda,
711 1103 867 1165 neminem
880 1103 943 1165 cito
957 1104 1107 1186 vitupera.

229 1185 380 1268 Teipsum
401 1206 461 1248 nec
475 1184 639 1266 vituperes,
654 1206 713 1247 nec
729 1186 856 1248 laudes:
878 1197 1041 1268 utrumque
1056 1186 1138 1250 euim

173 1269 390 1333 ,videturesse
404 1268 579 1331 affectantis
593 1267 717 1330 inanem
730 1267 871 1350 gloriam.

231 1353 295 1426 Qui
317 1373 350 1414 se
375 1351 490 1427 laudat,
510 1350 576 1434 ipse
597 1351 644 1412 sui
666 1351 761 1436 ipsius
781 1373 958 1434 praeconem
980 1373 1073 1436 agere
1094 1353 1139 1415 vi-

187 1434 278 1498 detur
286 1457 296 1514 3
317 1434 369 1516 qui
383 1433 454 1498 verb
468 1454 501 1497 se
516 1433 677 1516 vituperat,
692 1433 822 1496 aliorum
837 1435 944 1498 laudes
958 1436 1110 1520 flagitare.

230 1601 304 1665 Non
317 1599 411 1664 refert
434 1610 504 1685 quot
525 1600 667 1663 laudibus
690 1610 721 1664 te
744 1601 914 1679 celebrant,
939 1603 994 1666 sed
1018 1601 1139 1688 quales3
1179 1633 1184 1640 ·

188 1706 260 1749 narn
274 1686 314 1747 ab
328 1684 475 1766 improbis
490 1684 607 1748 laudari
620 1684 804 1766 vituperium
819 1696 876 1748 est.

231 1769 315 1834 Laus
328 1788 401 1830 vern
414 1779 462 1830 est
475 1768 529 1830 illa
543 1789 613 1848 quae
628 1789 647 1829 a
661 1768 786 1830 laudato
800 1769 864 1831 viro
879 1768 1094 1850 proficiscitur.

231 1853 303 1914 Non
317 1851 416 1914 mimis
430 1850 597 1913 laudatoris
619 1851 804 1932 inspiciendi
828 1863 900 1914 sunt
922 1873 1033 1930 mores,
1047 1855 1139 1934 qudm

188 1935 254 2018 ejus
269 1934 321 2014 qui
336 1933 488 1995 laudatur.
1101 1953 1104 1958 ·

231 2017 312 2079 Vera
325 2016 420 2079 virtus
434 2037 497 2078 non
511 2026 585 2097 eget
599 2016 689 2079 laude
713 2017 831 2098 aliend5
853 2020 923 2082 clun
948 2019 1016 2101 ipsa
1030 2039 1139 2082 eccum

188 2100 284 2162 ducat
297 2119 383 2161 suam
398 2098 522 2162 laudem
536 2119 574 2162 ac
588 2101 695 2162 decus
1144 2175 1146 2179 Ι

230 2183 274 2246 Ut
287 2191 448 2246 crescente
463 2183 642 2246 umbrd'vel
665 2185 878 2262 decrescente,
900 2205 1013 2267 corpus
1034 2195 1138 2248 autem

188 2265 271 2328 idem
284 2275 349 2346 θεῖς
371 2265 415 2330 ita
427 2287 486 2329 nec
504 2265 675 2330 meliorest
689 2267 859 2349 quisquam,
874 2271 948 2332 dum
963 2269 1058 2352 vulgo
1073 2269 1139 2330 lau-

188 2350 296 2430 datur;
317 2371 378 2414 nec
392 2350 488 2434 pejor,
502 2351 577 2414 dum
590 2351 789 2434 vituperatur.
918 2370 920 2372 ·

548 2533 787 2589 CURIOSITAS.

230 2684 323 2746 Multi
338 2695 408 2747 sunt
422 2685 534 2750 curiosi
559 2689 598 2751 ad
623 2689 874 2769 cognoscendam
888 2688 981 2750 vitam
996 2687 1139 2763 alienam,

188 2767 281 2850 pauci
295 2767 423 2828 studiosi
438 2769 478 2829 ad
491 2771 707 2852 corrigendam
721 2789 817 2830 suam.
938 2769 941 2774 ’
1100 2767 1113 2785 “

230 2849 398 2912 Curiositas
426 2849 506 2914 foras
527 2853 693 2936 egreditur,
720 2861 753 2912 et
783 2851 885 2912 omnia
907 2849 1040 2911 studiose
1063 2869 1139 2911 con-

189 2933 324 3013 siderat3
346 2933 466 2996 interna
481 2937 552 3000 verb
566 2933 708 3016 negligit.

178 3021 185 3035 ⁸
231 3017 344 3079 Aliena
354 3017 472 3079 curiosb
485 3025 676 3080 'scrutantem
690 3015 813 3096 propria
827 3015 967 3097 ignorare
979 3024 1068 3098 turpe
1081 3024 1138 3077 est.

230 3099 360 3160 Praestat
374 3101 487 3180 saepius
502 3121 573 3162 cum
594 3099 695 3180 seipso
710 3098 801 3176 quam
823 3117 895 3160 cum
919 3097 1053 3159 extemis
1074 3098 1140 3160 col·

189 3182 220 3244 lo
242 3180 284 3241 ui.

221 3202 341 3327 (ilcrior
355 3263 513 3344 cupiditas
523 3276 571 3326 est
593 3265 700 3345 ignota
721 3262 942 3346 cognoscendi,
956 3262 1050 3342 qudm
1065 3274 1140 3328 nota

190 3345 363 3430 repetendi.

232 3432 305 3494 Non
326 3430 455 3492 multiim
469 3431 597 3493 nocebit
612 3429 667 3492 tibi
682 3431 740 3494 ista
755 3431 892 3507 transire,
906 3451 976 3512 quae
991 3451 1051 3492 nec
1066 3429 1141 3492 licet

188 3515 268 3574 scire
290 3509 351 3576 noc
374 3515 507 3596 prodest.
553 3513 715 3594 Quicquid
739 3515 822 3577 enim
844 3535 901 3576 nos
925 3514 1068 3578 meliores
1085 3513 1161 3588 be-¹

189 3596 363 3677 atioresque
377 3597 539 3674 facturum,
550 3598 582 3660 in
597 3609 704 3680 aperto
717 3598 853 3680 positum
866 3608 924 3660 est.
