2570 4180
651 369 701 439 36

659 552 711 611 36.

247 649 332 712 Dum
359 649 498 713 Iacobus
520 649 698 730 loqueretur
719 671 793 712 cum
814 649 1000 732 pastoribus,
1026 647 1162 730 Rachel,

206 733 271 877 filip
292 734 422 810 Labani‚
437 733 522 796 venit
535 755 608 796 cum
622 754 736 816 pecore
751 742 901 816 pate'rn'o:
922 755 995 796 nam
1009 733 1077 817 ipsa
1090 755 1164 818 pas·

186 837 245 899 ¹ce
270 827 302 878 at
316 838 371 898 gre
396 839 456 879 em.

248 839 419 962 Confestigm
442 900 590 977 ,Iacobus
605 901 712 963 videns
734 911 903 982 cognatam
925 921 1023 977 suam,
1046 901 1163 964 amovit

207 981 344 1062 lapidem
358 985 399 1045 ab
414 1005 467 1045 ore
482 985 579 1064 putei.
625 985 695 1067 Ego
716 1006 793 1060 sum,
816 985 925 1065 inquit,
941 985 1022 1046 filius
1036 985 1163 1047 Rebec-

207 1085 265 1139 cae,
281 1076 313 1127 et
327 1065 485 1128 osculatus
499 1077 547 1128 est
561 1089 641 1129 eam.

249 1148 371 1210 Rachel
387 1149 534 1212 festinans
548 1151 707 1213 nunciavit
722 1151 800 1232 patri
815 1172 881 1226 suo,
893 1151 946 1231 qui
961 1151 1090 1232 agnovit
1104 1150 1164 1213 fili-

207 1251 260 1292 um
275 1233 386 1295 sororis
400 1255 475 1309 suae,
486 1233 635 1315 deditque
650 1235 680 1296 ei
694 1233 869 1297 Rachelem
879 1235 913 1296 in
922 1233 1164 1296 matrimonium.
1273 1271 1274 1280 κ

662 1357 713 1414 37.

250 1454 388 1516 Jacobus
402 1455 456 1516 diu
471 1465 678 1517 commoratus
692 1465 740 1516 est
754 1455 837 1534 apud
851 1453 1031 1516 Labanrun:
1045 1453 1167 1518 interea

208 1537 283 1599 mir'e
299 1538 384 1600 auxit
398 1560 463 1600 rem
477 1559 575 1614 suam,
590 1548 622 1600 et
636 1538 736 1600 sactus
750 1547 798 1599 est
811 1537 907 1598 dives.

252 1621 364 1704 Longo
385 1622 456 1704 post
476 1633 615 1704 tempore
630 1621 805 1684 admonitus
820 1641 839 1681 a
852 1619 931 1708 Deo,
943 1619 1035 1684 rediit
1056 1619 1090 1681 in
1110 1639 1167 1702 pa-

210 1706 302 1768 triam
316 1727 414 1768 suain.

254 1789 486 1867 Extimescebat
508 1790 585 1851 iram
611 1788 712 1850 fratris
728 1787 796 1848 sui:
818 1797 853 1849 ut
874 1786 1015 1868 placaret
1029 1785 1168 1848 animum
1273 1799 1274 1812 ¹

211 1872 288 1954 ejus,
299 1872 448 1951 praemisit
462 1873 502 1932 ad
512 1892 584 1932 eum
598 1873 741 1945 nuncios,
756 1871 809 1949 qui
821 1869 968 1932 offerrent
983 1870 1013 1931 ei
1027 1889 1166 1964 mpnera.

255 1954 351 2014 Esaiis
364 1953 524 2034 mitigatus
539 1955 676 2014 occurrit
689 1949 812 2015 obviarn
826 1952 841 2014 J
846 1953 947 2014 acobo
969 1951 1145 2014 advenienti
1159 1973 1168 2012 ε

212 2035 320 2097 insiliit
333 2035 365 2095 in
387 2035 504 2096 collum
518 2035 594 2118 ejus,
610 2035 749 2116 flensque
763 2034 922 2097 osculatus
944 2045 992 2099 est
1010 2055 1092 2110 eum,
1106 2053 1168 2096 nec

212 2119 380 2200 quidquam
395 2118 448 2182 ille
462 2120 582 2182 nocuit.

668 2238 716 2295 38.

255 2331 394 2394 Iacobus
416 2332 525 2394 habuit
546 2332 714 2394 duodecim
736 2331 825 2408 filios,
844 2332 924 2395 inter
945 2353 1023 2414 quos
1037 2342 1104 2396 erat
1116 2331 1170 2396 Jo-
1273 2405 1274 2410 η

153 2481 155 2492 ,
213 2415 348 2498 sephus3
376 2416 460 2478 hunc
483 2426 570 2497 pater
592 2417 718 2478 arnabat
739 2436 802 2497 prae
825 2416 958 2492 caeteris,
977 2417 1052 2496 quia
1074 2437 1168 2478 senex

154 2493 172 2544 Ἀ·
213 2511 366 2643 gepuerat
381 2521 464 2564 eum.
509 2500 649 2562 Dederat
668 2499 713 2560 illi
735 2508 842 2582 togam
856 2507 973 2594 ²03¹&ss
986 2521 1005 2562 e
1020 2500 1080 2562 filis
1092 2499 1170 2561 varii

214 2602 254 2642 CO
267 2604 338 2642 ΟΠΞ,

258 2665 365 2730 Quam
385 2664 427 2724 ob
449 2685 578 2724 causam
592 2664 746 2744 Iosephus
758 2675 827 2726 erat
850 2665 964 2726 invisus
988 2666 1050 2724 suis
1072 2664 1173 2726 fratri-

147 2757 172 2794 ,t
215 2743 284 2818 bue,
305 2745 476 2823 praesertim
498 2755 661 2824 postquam
685 2747 869 2804 narravisset
891 2747 937 2804 eis
960 2743 1076 2822 duplex
1090 2766 1173 2805 som-

216 2826 313 2900 nium,
328 2846 391 2904 quo
406 2825 508 2886 futura
522 2825 589 2906 ejus
603 2825 785 2906 magnitudo
801 2825 1052 2904 portendebatur.

259 2909 402 2971 Oderunt
423 2907 511 2970 illum
533 2917 694 2990 tantopere
726 2917 762 2968 ut
788 2927 851 2967 non
881 2918 1009 2986 possent
1035 2927 1109 2970 cum
1130 2929 1171 2972 eo

217 2993 316 3054 amice
332 2991 428 3072 loqui.

671 3114 722 3172 39.

182 3189 221 3260 3²
261 3209 341 3272 Haec
357 3230 448 3290 porro
470 3221 559 3272 erant
580 3211 707 3291 Josepbi
730 3210 859 3272 somnia.
903 3211 1105 3294 figebamus,
1127 3218 1174 3278 in-

218 3294 296 3374 quit,
310 3292 401 3355 simul
420 3293 595 3376 manipulos
617 3294 649 3355 in
671 3315 768 3376 agro:
790 3315 867 3356 ecce
888 3295 1065 3376 manipulus
1086 3317 1174 3359 meus

219 3378 367 3460 surgebat
381 3387 414 3440 et
434 3378 536 3440 stabat
557 3387 661 3440 rectus
672 3401 682 3457 3
704 3377 796 3440 vestri
818 3388 922 3442 autem
942 3378 1094 3461 manipuli
1115 3380 1174 3442 cir-

148 3470 182 3518 &
219 3471 410 3524 cumstantes
423 3463 651 3524 venerabantur
663 3483 778 3524 meum.

262 3545 376 3607 Postea
397 3546 459 3608 vidi
491 3546 524 3608 in
556 3545 671 3608 somnis
703 3545 810 3622 solem,
842 3542 949 3609 lunam
969 3554 1003 3609 et
1029 3544 1177 3612 undecim

220 3625 327 3689 stellas
341 3629 504 3692 adorantes
517 3650 580 3693 me.
