2590 4194
636 381 684 452 82

227 645 418 711 Himndines
441 646 508 710 luto
530 645 621 709 nidos
642 655 832 723 construunt,
852 653 1020 708 stramento
1043 646 1137 708 robo-

186 742 265 794 rant.

229 815 331 897 Major
344 814 481 876 redditur
495 813 599 896 imago
613 814 686 876 solis
700 834 770 894 quae
785 833 841 894 per
854 813 971 876 nubem
984 812 1114 874 videtur.

176 961 179 972 ,
228 899 338 960 Sidera
352 898 500 980 ampliora
515 918 571 978 per
584 899 700 960 nubem
715 897 878 978 aspicienti
892 897 1045 957 videntur.
1104 907 1108 912 “

227 981 340 1044 Nullus
367 981 522 1062 pernicior
542 981 638 1043 hostis
659 991 716 1056 est,
745 981 836 1060 quam
863 1000 957 1061 quem
985 978 1137 1041 audacem

184 1064 335 1148 angustiae
352 1064 478 1126 faciunt.

227 1145 366 1230 AEgyptii
381 1159 513 1229 quatuor
527 1148 682 1210 elementa
696 1146 819 1226 secere3

185 1273 188 1279 ι
227 1231 351 1308 Acrem,
366 1252 488 1312 aquam,
503 1232 617 1314 ignem,
633 1241 755 1292 terrem.

226 1315 329 1376 Omne
340 1333 462 1395 corpus,
477 1334 539 1394 quo
553 1312 680 1375 solidius
702 1322 759 1389 est,
781 1311 841 1374 hoc
863 1311 978 1375 diutius
999 1311 1137 1377 calorem

183 1407 217 1460 et
230 1397 369 1480 concipit
382 1407 415 1458 et
428 1405 537 1458 servat.

225 1563 362 1628 Dimidia
386 1583 457 1646 pars
479 1562 586 1626 mundi
611 1583 733 1646 semper
755 1583 849 1646 supra
869 1561 1069 1639 horizontem,
1090 1561 1138 1624 di-

183 1646 279 1711 midia
293 1648 371 1712 infra
384 1656 442 1710 est.

226 1731 336 1798 Omnis
350 1736 412 1808 air,
427 1751 489 1813 quo
511 1731 636 1815 propior
654 1731 752 1808 terris,
766 1729 827 1796 hoc
841 1728 972 1794 crassior
985 1738 1053 1792 est:
1074 1748 1137 1811 quo

185 1815 306 1892 editior,
320 1816 381 1878 hoc
395 1815 509 1897 purior.

204 1899 261 2042 ulN
262 1899 316 1960 ihil
331 1908 378 1961 est
392 1908 456 1960 tem
468 1897 616 1981 exiguum
629 1897 713 1979 quod
727 1917 790 1960 non
811 1896 844 1960 in
866 1895 1037 1981 pernicicm
1062 1896 1135 1960 satis

184 2001 203 2042 v
235 1991 296 2043 eat.

226 2063 379 2136 Neutrum
394 2061 571 2126 faciendum
584 2071 641 2140 est,
660 2072 824 2146 utrumque
846 2064 931 2128 enim
955 2071 1003 2129 est
1016 2064 1135 2143 vitium,

184 2146 326 2210 omnibus
340 2145 477 2222 credere,
492 2155 525 2209 et
537 2145 625 2208 nulli.

183 2315 206 2380 d
225 2229 392 2380 lNeminem
415 2229 532 2293 excelsi
553 2229 671 2315 ingenii
694 2230 793 2295 virum
811 2231 940 2296 humilia
959 2241 993 2298 et
1013 2231 1137 2300 sordida

206 2324 353 2381 sectant.
666 2345 669 2350 ·

226 2399 301 2466 Non
315 2397 434 2464 faciunt
446 2397 607 2465 meliorem
620 2419 735 2482 equum
749 2400 834 2467 aurei
847 2399 945 2465 sraeni.

227 2568 382 2634 Animalia
396 2569 550 2650 quaedam,
573 2589 614 2632 ne
636 2567 765 2634 inveniri
789 2567 916 2653 possint,
929 2565 1062 2654 vestigia
1081 2587 1137 2632 sua

183 2653 268 2714 circa
282 2651 386 2712 cubile
401 2671 490 2712 suum
504 2651 708 2713 confundunt.

226 2732 383 2800 Quaedam
412 2732 591 2806 rectissima,
620 2733 691 2792 cum
713 2734 744 2794 in
766 2752 878 2812 aquam
899 2743 971 2794 sunt
994 2734 1137 2812 demissa,

184 2813 321 2898 speciem
336 2812 420 2873 curvi
434 2812 602 2873 visentibus
616 2813 759 2874 reddunt.

228 2896 359 2978 Sapiens
383 2893 460 2957 nihil
482 2894 603 2978 judicat
625 2913 714 2955 suum
736 2891 844 2974 magis,
866 2890 957 2972 quam
979 2892 1067 2976 cujus
1089 2895 1135 2957 illi

185 3004 258 3047 cum
272 2981 408 3044 humano
421 2999 536 3062 genere
552 2976 740 3040 consortium
754 2985 811 3038 est.

226 3067 337 3128 Tenue
351 3075 400 3127 est
412 3063 623 3140 mendacium,
644 3059 785 3142 perlucet
799 3059 825 3122 si
839 3059 1004 3144 diligenter
1014 3060 1136 3143 inspex-

184 3169 256 3211 ens.

228 3231 275 3308 ld,
290 3229 373 3311 quod
388 3237 603 3310 paupertatem
615 3227 705 3291 uobis
729 3249 855 3312 gravem
870 3225 954 3304 sacit,
969 3239 1002 3293 et
1014 3229 1137 3294 divitias

185 3337 295 3402 graves
309 3313 412 3378 faciet.

228 3483 320 3546 Diem
341 3502 403 3546 nox
420 3479 541 3564 premit,
555 3479 622 3543 dies
636 3489 761 3543 noctem
773 3501 782 3558 3
804 3490 895 3543 aestas
909 3501 942 3542 rn
956 3491 1136 3546 autumnum

186 3565 309 3641 desinit,
324 3576 472 3628 autumno
486 3563 592 3646 hyems
606 3563 709 3639 instat,
724 3584 794 3644 que
817 3574 850 3628 et
867 3585 939 3630 vere
965 3565 1136 3648 compesci-

186 3657 254 3712 tur:
276 3648 380 3709 omnia
394 3657 553 3711 transeunt
566 3657 601 3710 ut
615 3657 814 3736 revertantur.
