2570 4180
249 658 554 741 EXEMPLA·
582 655 1025 736 MISCELLANEA.

204 1076 369 1138 Amsuraus
384 1074 473 1137 olivoe
488 1074 628 1137 inventor
642 1073 735 1137 fuisse
749 1075 871 1137 dicitur.

202 1159 319 1222 Verum
333 1159 428 1220 decus
443 1159 475 1219 in
488 1157 599 1220 virtute
615 1159 749 1238 positum
764 1169 821 1220 est.

201 1243 305 1306 Vitem
320 1241 460 1304 fertilitas
475 1243 681 1316 commendat,
697 1262 787 1322 sapor
801 1241 914 1315 vimnn.

201 1326 297 1389 Tardi
312 1337 344 1388 et
358 1324 508 1386 indociles
524 1335 595 1386 sunt
609 1325 722 1405 saepius
736 1325 933 1388 admonendi.

200 1410 305 1472 Virtus
326 1409 404 1470 nihil
418 1409 611 1489 inexpertum
626 1407 780 1488 relinquit.

200 1492 292 1556 Falsa
306 1493 363 1554 sub
378 1491 482 1574 specie
497 1492 560 1552 veri
575 1491 682 1554 latent.

200 1576 326 1639 Helena
339 1596 436 1636 causa
450 1575 507 1635 suit
519 1575 595 1636 belli
609 1575 747 1658 Trojani.

200 1659 353 1722 Villanun
367 1657 504 1719 culmina
517 1656 646 1718 sumant.

201 1825 359 1908 Accipere
375 1825 466 1905 quim
481 1824 584 1886 facere
594 1835 720 1906 praestat
734 1825 885 1922 injurianp

200 1909 375 1990 Elephanto
390 1908 562 1971 belluarum
575 1908 662 1970 nulla
675 1921 723 1972 est
737 1911 925 1992 prudentior.

199 1994 303 2056 Tenet
317 1993 445 2073 quisque
461 1991 564 2053 locum
579 2013 671 2072 quern
684 1994 806 2056 meruit.

198 2077 348 2139 Romanis
361 2075 450 2138 multi
465 2075 588 2138 fuerunt
602 2077 779 2140 Alexandro
794 2099 892 2160 pares.

199 2161 319 2223 Vacure
335 2159 427 2240 culpi
439 2159 607 2221 maximum
621 2171 668 2222 est
683 2161 836 2224 solatium.

199 2243 284 2306 Vitia
298 2244 386 2306 nobis
401 2244 458 2304 sub
472 2242 617 2304 virtutum
632 2245 756 2307 nomine
772 2245 934 2326 obrepunt.

199 2326 322 2388 Frustrd
336 2327 465 2400 laborat,
480 2324 533 2404 qui
544 2327 686 2388 omnibus
701 2327 825 2407 placere
840 2329 953 2390 studet.

198 2409 311 2472 Parum
321 2420 388 2473 tuta
401 2409 545 2491 majestas
560 2409 626 2471 sine
640 2410 755 2472 viribus
770 2421 827 2474 est.

201 2576 294 2658 Saepe
309 2576 366 2637 sub
382 2574 477 2656 pallio
491 2575 615 2637 sordido
629 2577 781 2658 sapientia
794 2587 852 2644 est.

198 2659 283 2730 Inter
296 2659 454 2721 dominum
469 2669 501 2720 et
515 2679 634 2720 servum
648 2660 735 2723 nulla
749 2661 885 2724 amicitia
898 2671 955 2724 est.

197 2743 316 2824 Magna
329 2742 414 2804 navis
428 2762 572 2824 magnam
587 2741 795 2806 fortitudinem
809 2745 915 2808 habet.

197 2826 386 2906 Eloquentia
399 2825 536 2887 omnium
551 2825 661 2888 artium
675 2837 723 2889 est
736 2828 881 2910 domina.

197 2909 299 2971 Prima
309 2909 394 2970 navis
409 2908 467 2969 fuit
479 2908 567 2970 alnus
581 2920 700 2972 cavata.

198 2993 359 3072 Optimum
373 3002 422 3053 est
435 2991 499 3071 pati
514 2991 597 3070 quod
612 3013 674 3052 non
689 2993 787 3073 possis
801 2992 976 3056 emendare.

198 3075 281 3142 Quae
297 3075 387 3136 nimis
402 3085 552 3155 apparent
565 3074 644 3135 retia
658 3075 734 3136 vitat
748 3077 821 3138 avis.

197 3158 293 3220 Citilrs
307 3159 392 3220 venit
405 3157 575 3239 periculum
591 3159 675 3238 quod
689 3160 905 3224 contemnitur.

198 3324 316 3388 Omnes
331 3324 465 3404 antiquae
481 3335 591 3406 gentes
605 3325 730 3408 regibus
743 3340 921 3409 paruerunt.

197 3407 312 3471 Nullus
324 3406 411 3468 locus
425 3408 514 3469 nobis
528 3408 648 3470 dulcior
662 3431 730 3474 esse
744 3413 840 3474 debet
853 3410 961 3494 patna.

197 3492 292 3552 Rosa
306 3490 427 3572 fulgent
441 3490 521 3554 inter
535 3491 600 3554 lilia
612 3493 728 3556 mixtae.

198 3573 371 3656 Scopulum
384 3574 489 3638 navita
500 3574 586 3638 vitat.
632 3578 711 3640 Ossa
725 3576 854 3660 tegebat
866 3575 986 3642 humus.
