2570 4180
611 361 660 430 25

103 498 105 502 -
159 543 244 608 Nihil
267 553 330 606 tam
352 541 484 605 absurde
510 540 575 602 dici
600 548 712 622 potest,
734 534 818 618 quod
838 552 902 596 non
922 530 1044 594 dicatur
1068 527 1108 592 ab

201 627 306 706 aliquo
320 624 583 706 philosophorum.

158 709 262 772 Testis
276 707 430 788 corrumpi
445 717 557 790 potest,
571 704 621 767 vel
642 703 752 786 pretio,
766 699 816 762 vel
829 697 939 782 gratia,
952 695 1002 760 vel
1016 703 1110 766 metu,

199 791 251 854 vel
265 789 431 853 simultate.

160 912 233 975 Non
247 923 312 974 rete
328 912 627 992 accipitri-tenditur,
642 931 743 990 neque
765 908 880 984 milvio,
895 907 947 988 qui
970 905 1051 969 male
1067 905 1111 969 fa-

203 995 290 1057 ciunt
304 995 393 1057 nobis
406 1018 414 1072 3
436 994 496 1055 illis
511 995 563 1074 qui
578 995 622 1055 nil
637 994 754 1056 faciunt
768 993 913 1055 tenditur.

161 1079 272 1141 Vivere
288 1078 353 1172 tota
366 1077 429 1139 viui
441 1075 625 1139 discendum
639 1087 696 1152 est,
711 1087 743 1139 et
763 1076 830 1140 tota
850 1074 913 1136 vita
927 1073 1110 1136 discendum

160 1172 255 1325 Apedd
265 1182 482 1325 11ll’illiegorum
502 1242 663 1324 discipulis
685 1241 820 1322 quinque
836 1239 924 1302 annis
945 1237 1111 1301 tacendum

160 1336 294 1510 Coirdila
309 1417 362 1554 ppt
382 1407 540 1490 Carthago
560 1407 760 1490 septuaginta
779 1405 902 1469 duobus
924 1407 1012 1470 annis
1038 1405 1111 1468 ante

203 1513 295 1574 qnam
340 1511 421 1554 uma.

161 1615 278 1680 Thales
299 1616 515 1696 interrogatus,
537 1615 613 1694 quid
634 1625 717 1678 esset
736 1615 846 1678 Deust
873 1614 983 1696 Quod,
1003 1615 1113 1696 inquit,

206 1709 293 1761 caret
305 1697 394 1759 initio
407 1707 439 1759 et
454 1697 524 1758 fine.

163 1782 285 1845 Natura
310 1779 497 1842 tenacissimi
519 1799 624 1842 sumus
645 1799 761 1856 eorum,
784 1801 854 1861 quae
876 1780 1004 1842 rudibus
1026 1781 1115 1843 annis

206 1864 411 1946 percepimus.

162 1949 254 2012 Licet
277 1948 345 2029 ipsa
358 1945 466 2007 vitium
490 1944 529 2007 sit
550 1945 687 2022 ambitio,
702 1945 878 2028 frequenter
892 1957 996 2010 tamen
1018 1967 1114 2010 causa

205 2031 350 2093 virtutum
365 2038 434 2090 est·
1006 2051 1013 2056 ·

162 2114 246 2178 Rara
266 2124 439 2194 temporum
463 2111 596 2174 felicitas
616 2123 673 2189 est,
691 2113 746 2176 ubi
767 2113 881 2178 sentire
895 2133 966 2194 quae
980 2111 1067 2191 velis,
1080 2123 1114 2177 et

204 2217 275 2278 quae
291 2195 406 2261 sentias
418 2195 534 2271 dicere,
549 2195 634 2258 licet.

207 2319 373 2403 Augustus
388 2341 462 2382 cum
478 2319 585 2381 amicis
596 2319 660 2381 suis
675 2319 886 2395 consultabat,
898 2320 1001 2382 utrum
1015 2319 1116 2402 impe·

164 2404 246 2468 rium
262 2414 409 2480 servaret,
425 2424 467 2464 an
482 2403 666 2483 deponeret.

165 2570 176 2633 l
207 2489 378 2568 Perpetem
394 2486 553 2568 quaeritur,
569 2507 647 2548 num
662 2487 694 2548 in
710 2485 804 2547 amici
827 2484 961 2568 gratiam
986 2486 1037 2572 jus
1052 2485 1117 2550 vio-

178 2571 223 2633 ari
241 2571 349 2651 possit.
411 2607 417 2614 -

210 2654 412 2736 Epimenides
428 2675 516 2734 puer,
532 2663 611 2716 aestu
627 2664 660 2720 et
679 2653 792 2717 itinere
814 2653 925 2731 sessus,
941 2665 1065 2737 septem
1084 2663 1119 2719 et

166 2739 398 2822 quinquaginta
412 2759 511 2800 annos
527 2738 559 2799 in
576 2759 673 2820 specu
689 2737 870 2801 dormivisse
886 2739 1010 2803 dicitur.

203 2823 310 2970 dinus
341 2823 447 2886 Caesar
477 2822 569 2884 simul
603 2823 732 2900 dictare,
759 2834 792 2885 et
821 2823 979 2905 legentem
1009 2823 1118 2888 audire

167 2929 234 2971 soe
259 2918 299 2969 at.

211 2993 245 3054 P.
270 2991 421 3053 Catienus
452 2991 594 3074 Plotinus
620 3001 788 3072 patronum
818 2989 898 3050 adel)
924 2990 1049 3068 dilexit,
1072 2999 1119 3069 ut,

168 3077 269 3138 haeres
281 3076 426 3137 omnibus
442 3075 509 3157 ejus
523 3075 615 3136 bonis
634 3075 805 3150 institutus,
821 3073 854 3136 in
869 3094 981 3158 rogum
1003 3075 1071 3161 ejus
1085 3096 1120 3140 se

168 3160 339 3242 conjiceret
354 3170 386 3222 et
402 3169 668 3221 concremaretur.

214 3243 340 3305 Nullius
367 3255 445 3325 puto
472 3243 662 3306 beneficium
685 3244 899 3326 expetendum
925 3266 1006 3322 esse,
1030 3245 1121 3327 cujus

171 3327 231 3390 vile
250 3327 406 3410 judicium
423 3337 482 3388 est.

214 3412 407 3474 Senescente
431 3410 516 3486 lund,
541 3422 641 3474 ostrea
667 3412 829 3478 tabescere
853 3413 1012 3488 dicuntur,
1037 3431 1122 3475 cres·

169 3507 263 3560 cente
279 3497 401 3574 ebdom,
412 3495 561 3578 gliscunt.
597 3497 693 3578 Caepe
706 3499 825 3572 contri,
846 3494 923 3558 luni
941 3495 1121 3575 deficiente,

170 3581 369 3660 revirescere,
383 3579 596 3728 adglescente,
613 3581 787 3646 inarescere
801 3580 926 3644 dicitur.
