2570 4180
635 333 686 402 22

233 509 267 582 A
292 509 460 583 vitiorum
484 510 657 607 exemplis
682 511 786 584 nobis
804 510 1050 586 recedendum
1067 525 1134 587 ost.

234 606 304 680 Est
328 609 439 681 etiam
465 609 611 681 dolendi
636 609 814 703 voluptas.

231 703 374 778 Natura
399 708 499 779 dedit
523 707 620 778 ranis
645 731 752 778 crura
777 719 864 801 apta
889 710 1062 781 natando.

232 801 353 874 Radix
378 803 455 898 ejus
480 806 662 878 vescendo
688 807 777 876 est*

233 900 291 971 Ad
317 902 566 994 poenitondum
596 915 778 998 properat,
797 903 858 995 qui
883 900 957 976 cito
980 902 1133 998 judicat.

183 1093 217 1163 d·
233 996 344 1106 Quod
370 999 520 1093 quisque
545 1000 671 1095 possit,
697 1000 765 1071 nisi
791 1001 967 1072 tentando
989 1023 1063 1072 non
1080 1001 1134 1072 di-

209 1105 284 1165 rcrt.

234 1189 397 1287 Tempus
422 1194 555 1289 agendi
580 1193 821 1268 consultando
847 1194 1081 1290 consumpsit.

356 1533 492 1632 Supina
516 1533 555 1605 io
580 1531 828 1630 un-Supioe
852 1531 891 1604 in
917 1556 953 1604 u.

370 1727 461 1788 Arm,
477 1726 509 1778 n.
525 1727 565 1788 ar,
581 1725 744 1788 aa-smrn,
763 1725 814 1789 tr.
834 1724 866 1773 n.
876 1724 901 1786 9,
917 1724 955 1773 10.

232 1822 407 1910 Fortuna,
434 1827 518 1895 oum
542 1823 733 1908 blanditur,
760 1831 947 1916 captatum
971 1821 1081 1898 venit.

233 1919 394 1993 Patriam
419 1918 608 1991 defensum
632 1931 824 1991 revocatus
848 1931 915 1991 est.

234 2015 347 2089 Haud
372 2017 485 2112 digna
509 2027 712 2089 memoratu
737 2039 795 2088 res
821 2028 887 2088 est.

234 2113 360 2189 Cuivis
385 2114 493 2189 facile
518 2115 613 2188 scitu
638 2125 695 2186 est
714 2121 822 2208 quam
846 2099 978 2189 suarim
1002 2114 1122 2188 misor.

184 2494 186 2499 ·
290 2466 444 2540 Aduerbs
468 2467 619 2564 ostime,
640 2465 754 2564 place,
780 2465 946 2565 quantity,
973 2466 1035 2552 ἅτ.

426 2612 645 2662 nnnrvnnrvn
662 2613 833 2675 suvrana,
849 2614 900 2662 aa.

393 2730 484 2791 Aram,
500 2732 533 2778 n.
548 2733 588 2793 ro,
605 2732 769 2792 41.-smru‚
783 2733 796 2794 t
809 2733 834 2780 2.
849 2732 880 2780 n.
893 2732 932 2779 ra

235 2829 429 2926 Sapientia
455 2853 582 2925 parurn
607 2829 728 2901 habet.

235 2927 369 3000 Parum
409 2926 535 3013 mellis,
578 2925 749 2999 absinthii
794 2925 956 3013 multum,
998 2924 1133 2998 habero

185 3025 338 3097 videtur.

235 3121 395 3193 Ubinam
420 3122 583 3216 g'entium
607 3121 757 3193 sumus?

234 3218 351 3290 Instar
375 3219 583 3290 resectionis
609 3231 665 3289 est
689 3219 843 3290 mutatio
867 3219 1001 3314 operis.

235 3314 392 3388 Obviam
417 3316 513 3388 hosti
539 3315 710 3423 consulas
733 3328 831 3388 aunt.

464 3501 477 3527 “
488 3499 554 3560 Apta
568 3513 597 3546 or
612 3497 683 3546 utilis
698 3499 848 3550 understood
