2590 4194
663 345 710 417 98

207 537 296 591 erent
320 526 495 613 philosophi
518 547 582 610 prae
605 525 728 590 caeteris
749 523 948 588 hominibus?
975 523 1025 602 Ut,
1050 525 1161 608 inquit,

112 673 113 677 ,
206 633 232 672 u
245 634 339 676 ornum
353 611 429 698 leges
443 609 621 687 aboleantur,
636 609 813 694 tcmcnjustd
827 608 930 672 victuri
943 608 1039 672 sirum

599 757 756 834 ‚uan0u.

248 857 396 919 Omnium
409 865 458 918 est
472 854 653 918 facillimum
668 855 802 936 scipsum
817 855 975 940 decipere.

249 940 499 1021 sapientissimus
521 939 689 1020 aliquando
717 960 736 1000 a
760 939 918 1020 proposito
947 949 1046 1002 errat:
1066 961 1159 1004 nemo

206 1045 337 1105 usquam
351 1023 413 1086 loci
435 1034 500 1085 tam
514 1023 630 1104 peritus
645 1023 786 1086 inventus
810 1021 868 1084 suit
891 1022 1078 1106 sagittariae
1092 1035 1127 1087 ut
1140 1046 1160 1087 a

206 1129 304 1189 scopo
318 1128 475 1188 nunquam
490 1107 686 1168 aberraverit.

249 1191 352 1254 Nemo
374 1201 455 1253 errat
476 1190 535 1252 sibi
557 1189 664 1266 solium,
693 1190 749 1252 sed
776 1189 966 1252 dementiam
987 1189 1105 1273 spargit
1127 1190 1159 1252 in

208 1276 364 1358 proximos
379 1274 556 1356 accipitque
572 1273 715 1340 invicem.

250 1358 388 1439 Simplex
410 1357 487 1419 recti
512 1377 587 1418 cura
606 1367 662 1433 est,
676 1356 838 1438 multiplex
857 1357 976 1434 erroris,
990 1368 1023 1421 et
1037 1379 1160 1440 semper

208 1462 303 1504 novas
317 1440 541 1502 declinationes
556 1439 662 1502 habet.

247 1524 377 1588 Veritati
391 1523 509 1606 aliquid
523 1534 693 1588 extremum
707 1533 764 1600 est,
778 1545 862 1588 error
876 1534 924 1588 θεῖ
937 1525 1115 1588 immensus

589 1679 777 1733 AMICITIA.

249 1791 392 1855 Solitudo
414 1801 461 1854 est
482 1791 546 1853 vita
567 1790 633 1853 sinc
666 1789 784 1866 amicis,
806 1789 985 1852 insidiarum
1006 1799 1039 1854 et
1059 1790 1160 1854 metris

206 1875 300 1957 plena
312 1899 320 1936 ε
340 1875 419 1936 ratio
434 1873 501 1955 ipsa
514 1884 621 1936 monet
635 1873 787 1935 amicitias
802 1895 920 1955 parare.

248 1958 397 2020 Amicitia
418 1979 491 2020 cum
504 1959 663 2039 voluptate
677 1957 811 2020 maximis
830 1957 1046 2020 connectitur:
1071 1957 1158 2022 laeta-

203 2063 272 2188 mppr
286 2042 370 2104 enim
392 2041 561 2104 amicorum
586 2041 703 2118 laetitiis,
718 2051 751 2104 et
765 2041 879 2122 pariter
899 2041 1040 2104 dolemus
1061 2063 1159 2126 ango·

204 2147 229 2187 n
253 2147 298 2187 us.

248 2209 368 2273 Eodem
389 2209 482 2273 modo
504 2208 627 2292 'sapiens
657 2209 715 2272 erit
745 2208 876 2272 affectus
907 2230 983 2292 erga
1011 2211 1157 2288 amicum,

205 2315 267 2376 quo
295 2295 328 2357 in
356 2295 511 2378 seipsum:
543 2315 681 2376 quosque
707 2293 829 2356 labores
851 2304 976 2375 propter
997 2315 1085 2356 suam
1104 2315 1157 2356 vo·

205 2378 357 2462 luptatem
386 2378 544 2464 suscipiat,
573 2380 700 2442 eosdem
732 2377 881 2460 suscipiet
905 2387 1030 2460 propter
1065 2377 1157 2440 amici

204 2463 404 2545 voluptatem.

247 2549 363 2610 Verum
391 2547 468 2613 illud
489 2557 545 2622 est,
568 2547 652 2627 quod
681 2545 804 2622 dicitur,
825 2544 927 2608 multoc
954 2545 1062 2609 modios
1088 2545 1157 2608 aulis

203 2630 287 2692 simul
300 2631 421 2692 edendos
435 2651 500 2704 csse,
514 2639 546 2690 ut
560 2630 690 2692 amicitie
704 2652 805 2691 munus
813 2628 969 2712 perfectum
982 2630 1029 2691 sit.

246 2793 333 2890 Nihil
355 2794 444 2874 aequ'e
467 2791 606 2854 oblectat
625 2792 760 2854 animum
782 2794 874 2873 quim
898 2793 1037 2857 amicitia
1057 2797 1158 2860 fidelis

204 2878 410 3033 etgilidiitum
431 2961 547 3023 bonum
568 2969 616 3022 est
637 2958 690 3021 ubi
716 2969 787 3020 sunt
818 2969 990 3041 praeparata
1018 2972 1157 3044 pectora,

111 3042 114 3048 ¹
204 3050 237 3112 in
251 3069 320 3128 quae
336 3045 400 3108 tute
417 3054 571 3108 secretum
594 3064 685 3106 omne
708 3043 887 3120 descendat,
902 3065 1032 3124 quorum
1057 3066 1157 3108 sermo

205 3130 433 3195 solicitudinem
455 3128 560 3204 leniat,
575 3127 730 3190 sententia
750 3127 915 3190 consilium
938 3124 1093 3211 expediat,
1111 3128 1157 3191 hi·

205 3216 309 3278 laritas
324 3212 478 3275 tristitiam
491 3212 629 3294 dissipet.
1154 3212 1156 3218 ’

247 3297 349 3364 Amici
372 3305 517 3378 aspectus
546 3295 647 3358 suavis
669 3305 736 3356 est:
768 3296 901 3376 excepti
931 3297 1092 3378 sapientiai,
1114 3296 1158 3360 nil

204 3385 314 3448 melius
335 3381 443 3442 datum
475 3389 522 3441 est
550 3378 666 3441 homini
689 3401 708 3441 a
729 3379 788 3440 diis
809 3379 1034 3443 immortalibus
1066 3381 1159 3461 quam

205 3465 363 3536 amicitia:
384 3463 459 3544 quid
480 3463 564 3526 enim
584 3463 706 3526 dulcius
728 3464 821 3542 quim
849 3464 975 3542 habere,
1000 3486 1074 3528 cum
1096 3485 1158 3546 quo
1198 3489 1202 3496 ·

205 3551 309 3612 omnia
321 3549 365 3609 sic
380 3547 465 3627 loqui
481 3545 588 3628 possis,
603 3555 637 3607 ut
652 3547 781 3609 tecum?

249 3632 367 3695 Aurum
381 3630 462 3713 ignis
477 3629 598 3712 probat,
613 3629 730 3693 amicos
744 3631 873 3694 adversa
887 3631 1020 3696 fortuna.
