<?xml version="1.0" encoding="UTF-8"?>
<!DOCTYPE html PUBLIC "-//W3C//DTD XHTML 1.0 Transitional//EN"
    "http://www.w3.org/TR/xhtml1/DTD/xhtml1-transitional.dtd">
<html xmlns="http://www.w3.org/1999/xhtml" xml:lang="en" lang="en">
 <head>
  <title>
</title>
<meta http-equiv="Content-Type" content="text/html;charset=utf-8" />
  <meta name='ocr-system' content='tesseract 3.04.00' />
  <meta name='ocr-capabilities' content='ocr_page ocr_carea ocr_par ocr_line ocrx_word'/>
</head>
<body>
  <div class='ocr_page' id='page_1' title='image "./liberprimus00danagoog_0149.png"; bbox 0 0 2590 4194; ppageno 0'>
   <div class='ocr_carea' id='block_1_1' title="bbox 176 375 821 450">
    <p class='ocr_par' dir='ltr' id='par_1_1' title="bbox 176 375 821 450">
     <span class='ocr_line' id='line_1_1' title="bbox 176 375 821 450; baseline 0.003 -14"><span class='ocrx_word' id='word_1_1' title='bbox 176 375 238 436; x_wconf 82' lang='lat'><strong>144</strong></span> <span class='ocrx_word' id='word_1_2' title='bbox 488 395 606 438; x_wconf 75' lang='lat' dir='ltr'><strong>nnasm</strong></span> <span class='ocrx_word' id='word_1_3' title='bbox 630 396 821 450; x_wconf 75' lang='lat' dir='ltr'><strong>cananeum.</strong></span> 
     </span>
    </p>
   </div>
   <div class='ocr_carea' id='block_1_2' title="bbox 132 535 1147 3566">
    <p class='ocr_par' dir='ltr' id='par_1_2' title="bbox 172 535 1141 709">
     <span class='ocr_line' id='line_1_2' title="bbox 204 535 1141 622; baseline -0.005 -20"><span class='ocrx_word' id='word_1_4' title='bbox 204 539 273 603; x_wconf 79' lang='lat' dir='ltr'><strong>¹Pn.</strong></span> <span class='ocrx_word' id='word_1_5' title='bbox 298 539 380 604; x_wconf 89' lang='lat' dir='ltr'><strong>Nihil</strong></span> <span class='ocrx_word' id='word_1_6' title='bbox 406 541 516 617; x_wconf 86' lang='lat' dir='ltr'><strong>minds;</strong></span> <span class='ocrx_word' id='word_1_7' title='bbox 539 541 591 603; x_wconf 91' lang='lat' dir='ltr'><strong>sed</strong></span> <span class='ocrx_word' id='word_1_8' title='bbox 611 541 774 604; x_wconf 83' lang='lat' dir='ltr'><strong>divinabam</strong></span> <span class='ocrx_word' id='word_1_9' title='bbox 797 540 947 617; x_wconf 83' lang='lat' dir='ltr'>audacter,</span> <span class='ocrx_word' id='word_1_10' title='bbox 962 537 1050 622; x_wconf 90' lang='lat' dir='ltr'><strong>idque</strong></span> <span class='ocrx_word' id='word_1_11' title='bbox 1065 535 1141 614; x_wconf 76' lang='lat' dir='ltr'><strong>tutti,</strong></span> 
     </span>
     <span class='ocr_line' id='line_1_3' title="bbox 172 623 663 709; baseline 0.002 -24"><span class='ocrx_word' id='word_1_12' title='bbox 172 623 318 702; x_wconf 82' lang='lat' dir='ltr'><strong>videlicet,</strong></span> <span class='ocrx_word' id='word_1_13' title='bbox 334 626 413 709; x_wconf 82' lang='lat' dir='ltr'><strong>pribs</strong></span> <span class='ocrx_word' id='word_1_14' title='bbox 424 639 555 708; x_wconf 81' lang='lat' dir='ltr'><strong>accepto</strong></span> <span class='ocrx_word' id='word_1_15' title='bbox 562 625 663 708; x_wconf 88' lang='lat' dir='ltr'><strong>pretio.</strong></span> 
     </span>
    </p>

    <p class='ocr_par' dir='ltr' id='par_1_3' title="bbox 213 709 979 792">
     <span class='ocr_line' id='line_1_4' title="bbox 213 709 979 792; baseline -0.003 -20"><span class='ocrx_word' id='word_1_16' title='bbox 213 710 271 772; x_wconf 87' lang='lat' dir='ltr'><strong>Po.</strong></span> <span class='ocrx_word' id='word_1_17' title='bbox 296 710 347 771; x_wconf 91' lang='lat' dir='ltr'><strong>An</strong></span> <span class='ocrx_word' id='word_1_18' title='bbox 362 732 407 772; x_wconf 89' lang='lat' dir='ltr'><strong>ars</strong></span> <span class='ocrx_word' id='word_1_19' title='bbox 422 725 482 773; x_wconf 89' lang='lat' dir='ltr'><strong>tam</strong></span> <span class='ocrx_word' id='word_1_20' title='bbox 497 709 617 771; x_wconf 90' lang='lat' dir='ltr'><strong>ridicula</strong></span> <span class='ocrx_word' id='word_1_21' title='bbox 632 723 746 792; x_wconf 89' lang='lat' dir='ltr'><strong>poterat</strong></span> <span class='ocrx_word' id='word_1_22' title='bbox 761 709 839 770; x_wconf 89' lang='lat' dir='ltr'><strong>alere</strong></span> <span class='ocrx_word' id='word_1_23' title='bbox 853 709 903 770; x_wconf 88' lang='lat' dir='ltr'><strong>te?</strong></span> <span class='ocrx_word' id='word_1_24' title='bbox 974 723 979 733; x_wconf 93' lang='grc'><em>“</em></span> 
     </span>
    </p>

    <p class='ocr_par' dir='ltr' id='par_1_4' title="bbox 132 791 1142 1276">
     <span class='ocr_line' id='line_1_5' title="bbox 213 791 1140 878; baseline -0.003 -22"><span class='ocrx_word' id='word_1_25' title='bbox 213 793 272 856; x_wconf 85' lang='grc' dir='ltr'><strong>Ρα.</strong></span> <span class='ocrx_word' id='word_1_26' title='bbox 297 793 427 870; x_wconf 80' lang='lat' dir='ltr'><strong>Poterat,</strong></span> <span class='ocrx_word' id='word_1_27' title='bbox 450 808 480 856; x_wconf 90' lang='lat' dir='ltr'><strong>et</strong></span> <span class='ocrx_word' id='word_1_28' title='bbox 502 793 621 878; x_wconf 91' lang='lat' dir='ltr'><strong>quidem</strong></span> <span class='ocrx_word' id='word_1_29' title='bbox 643 814 712 854; x_wconf 90' lang='lat' dir='ltr'><strong>oum</strong></span> <span class='ocrx_word' id='word_1_30' title='bbox 736 793 849 854; x_wconf 91' lang='lat' dir='ltr'><strong>duobus</strong></span> <span class='ocrx_word' id='word_1_31' title='bbox 872 791 1007 870; x_wconf 80' lang='lat' dir='ltr'><strong>samulis3</strong></span> <span class='ocrx_word' id='word_1_32' title='bbox 1029 805 1140 854; x_wconf 89' lang='lat' dir='ltr'><strong>tantum</strong></span> 
     </span>
     <span class='ocr_line' id='line_1_6' title="bbox 171 875 1141 961; baseline -0.004 -21"><span class='ocrx_word' id='word_1_33' title='bbox 171 892 215 940; x_wconf 89' lang='lat' dir='ltr'><strong>est</strong></span> <span class='ocrx_word' id='word_1_34' title='bbox 238 877 345 961; x_wconf 92' lang='lat' dir='ltr'><strong>ubique</strong></span> <span class='ocrx_word' id='word_1_35' title='bbox 368 876 511 940; x_wconf 87' lang='lat' dir='ltr'><strong>fatuomm</strong></span> <span class='ocrx_word' id='word_1_36' title='bbox 527 891 558 938; x_wconf 91' lang='lat' dir='ltr'><strong>et</strong></span> <span class='ocrx_word' id='word_1_37' title='bbox 573 876 727 938; x_wconf 88' lang='lat' dir='ltr'><strong>fatuarum.</strong></span> <span class='ocrx_word' id='word_1_38' title='bbox 772 878 912 938; x_wconf 78' lang='lat' dir='ltr'><strong>Attamen</strong></span> <span class='ocrx_word' id='word_1_39' title='bbox 937 875 1007 938; x_wconf 85' lang='lat' dir='ltr'><strong>citm</strong></span> <span class='ocrx_word' id='word_1_40' title='bbox 1034 876 1141 938; x_wconf 90' lang='lat' dir='ltr'><strong>Hiero-</strong></span> 
     </span>
     <span class='ocr_line' id='line_1_7' title="bbox 170 959 1141 1044; baseline -0.002 -21"><span class='ocrx_word' id='word_1_41' title='bbox 170 963 314 1044; x_wconf 87' lang='lat' dir='ltr'><strong>solymam</strong></span> <span class='ocrx_word' id='word_1_42' title='bbox 336 961 457 1037; x_wconf 89' lang='lat' dir='ltr'><strong>adirem,</strong></span> <span class='ocrx_word' id='word_1_43' title='bbox 484 961 654 1024; x_wconf 80' lang='lat' dir='ltr'><strong>addideram</strong></span> <span class='ocrx_word' id='word_1_44' title='bbox 677 983 725 1023; x_wconf 89' lang='lat' dir='ltr'><strong>me</strong></span> <span class='ocrx_word' id='word_1_45' title='bbox 748 961 776 1022; x_wconf 94' lang='lat' dir='ltr'><strong>in</strong></span> <span class='ocrx_word' id='word_1_46' title='bbox 800 961 971 1022; x_wconf 88' lang='lat' dir='ltr'><strong>comitatum</strong></span> <span class='ocrx_word' id='word_1_47' title='bbox 987 959 1141 1043; x_wconf 89' lang='lat' dir='ltr'><strong>cujusdam</strong></span> 
     </span>
     <span class='ocr_line' id='line_1_8' title="bbox 170 1045 1141 1129; baseline -0.001 -23"><span class='ocrx_word' id='word_1_48' title='bbox 170 1045 322 1128; x_wconf 86' lang='lat' dir='ltr'><strong>magnatis,</strong></span> <span class='ocrx_word' id='word_1_49' title='bbox 337 1046 502 1128; x_wconf 70' lang='lat' dir='ltr'><strong>praedivitis,</strong></span> <span class='ocrx_word' id='word_1_50' title='bbox 518 1045 577 1129; x_wconf 90' lang='lat' dir='ltr'><strong>qui,</strong></span> <span class='ocrx_word' id='word_1_51' title='bbox 593 1061 677 1107; x_wconf 90' lang='lat' dir='ltr'><strong>natus</strong></span> <span class='ocrx_word' id='word_1_52' title='bbox 699 1067 789 1117; x_wconf 87' lang='lat' dir='ltr'><strong>annos</strong></span> <span class='ocrx_word' id='word_1_53' title='bbox 812 1045 1002 1127; x_wconf 82' lang='lat' dir='ltr'><strong>septuaginta,</strong></span> <span class='ocrx_word' id='word_1_54' title='bbox 1018 1045 1141 1126; x_wconf 88' lang='lat' dir='ltr'><strong>negabat</strong></span> 
     </span>
     <span class='ocr_line' id='line_1_9' title="bbox 170 1127 1142 1214; baseline -0.002 -24"><span class='ocrx_word' id='word_1_55' title='bbox 170 1151 203 1191; x_wconf 91' lang='lat' dir='ltr'><strong>se</strong></span> <span class='ocrx_word' id='word_1_56' title='bbox 229 1152 311 1213; x_wconf 88' lang='lat' dir='ltr'><strong>aequo</strong></span> <span class='ocrx_word' id='word_1_57' title='bbox 337 1130 434 1192; x_wconf 90' lang='lat' dir='ltr'><strong>animo</strong></span> <span class='ocrx_word' id='word_1_58' title='bbox 460 1131 631 1192; x_wconf 82' lang='lat' dir='ltr'><strong>moriturum</strong></span> <span class='ocrx_word' id='word_1_59' title='bbox 654 1127 708 1191; x_wconf 89' lang='lat' dir='ltr'><strong>nisi</strong></span> <span class='ocrx_word' id='word_1_60' title='bbox 734 1130 811 1214; x_wconf 83' lang='lat' dir='ltr'><strong>priris</strong></span> <span class='ocrx_word' id='word_1_61' title='bbox 837 1129 944 1190; x_wconf 90' lang='lat' dir='ltr'><strong>adisset</strong></span> <span class='ocrx_word' id='word_1_62' title='bbox 969 1127 1142 1212; x_wconf 89' lang='lat' dir='ltr'><strong>Hierosoly·</strong></span> 
     </span>
     <span class='ocr_line' id='line_1_10' title="bbox 132 1235 259 1276; baseline 0.008 -1"><span class='ocrx_word' id='word_1_63' title='bbox 132 1249 135 1254; x_wconf 93' lang='lat'>·</span> <span class='ocrx_word' id='word_1_64' title='bbox 170 1235 259 1276; x_wconf 91' lang='lat' dir='ltr'><strong>mam.</strong></span> 
     </span>
    </p>

    <p class='ocr_par' dir='ltr' id='par_1_5' title="bbox 213 1297 760 1380">
     <span class='ocr_line' id='line_1_11' title="bbox 213 1297 760 1380; baseline -0.004 -20"><span class='ocrx_word' id='word_1_65' title='bbox 213 1297 277 1360; x_wconf 81' lang='lat' dir='ltr'><strong>En.</strong></span> <span class='ocrx_word' id='word_1_66' title='bbox 301 1299 348 1360; x_wconf 89' lang='lat' dir='ltr'><strong>Ao</strong></span> <span class='ocrx_word' id='word_1_67' title='bbox 363 1299 442 1360; x_wconf 92' lang='lat' dir='ltr'><strong>domi</strong></span> <span class='ocrx_word' id='word_1_68' title='bbox 457 1297 611 1380; x_wconf 84' lang='lat' dir='ltr'><strong>reliquerat</strong></span> <span class='ocrx_word' id='word_1_69' title='bbox 626 1319 760 1358; x_wconf 85' lang='lat' dir='ltr'><strong>uxorem.</strong></span> 
     </span>
    </p>

    <p class='ocr_par' dir='ltr' id='par_1_6' title="bbox 212 1381 1103 1464">
     <span class='ocr_line' id='line_1_12' title="bbox 212 1381 1103 1464; baseline -0.004 -21"><span class='ocrx_word' id='word_1_70' title='bbox 212 1383 272 1444; x_wconf 84' lang='lat' dir='ltr'><strong>Pa.</strong></span> <span class='ocrx_word' id='word_1_71' title='bbox 298 1383 397 1464; x_wconf 91' lang='lat' dir='ltr'><strong>Atque</strong></span> <span class='ocrx_word' id='word_1_72' title='bbox 413 1382 499 1442; x_wconf 87' lang='lat' dir='ltr'><strong>etiam</strong></span> <span class='ocrx_word' id='word_1_73' title='bbox 515 1381 619 1441; x_wconf 91' lang='lat' dir='ltr'><strong>liberos</strong></span> <span class='ocrx_word' id='word_1_74' title='bbox 635 1403 697 1441; x_wconf 87' lang='lat' dir='ltr'><strong>sex.</strong></span> <span class='ocrx_word' id='word_1_75' title='bbox 1101 1421 1103 1426; x_wconf 85' lang='lat'><strong>.</strong></span> 
     </span>
    </p>

    <p class='ocr_par' dir='ltr' id='par_1_7' title="bbox 171 1462 1142 1613">
     <span class='ocr_line' id='line_1_13' title="bbox 213 1462 1142 1547; baseline -0.003 -19"><span class='ocrx_word' id='word_1_76' title='bbox 213 1465 273 1528; x_wconf 79' lang='lat' dir='ltr'><strong>Eu.</strong></span> <span class='ocrx_word' id='word_1_77' title='bbox 298 1465 328 1527; x_wconf 95' lang='grc' dir='ltr'><strong>Ο</strong></span> <span class='ocrx_word' id='word_1_78' title='bbox 342 1486 442 1526; x_wconf 90' lang='lat' dir='ltr'><strong>senem</strong></span> <span class='ocrx_word' id='word_1_79' title='bbox 462 1463 551 1547; x_wconf 77' lang='lat' dir='ltr'><strong>impie</strong></span> <span class='ocrx_word' id='word_1_80' title='bbox 577 1465 665 1547; x_wconf 93' lang='lat' dir='ltr'><strong>pium.</strong></span> <span class='ocrx_word' id='word_1_81' title='bbox 710 1464 811 1547; x_wconf 92' lang='lat' dir='ltr'><strong>Atque</strong></span> <span class='ocrx_word' id='word_1_82' title='bbox 834 1463 911 1525; x_wconf 92' lang='lat' dir='ltr'><strong>illinc</strong></span> <span class='ocrx_word' id='word_1_83' title='bbox 933 1462 1032 1526; x_wconf 79' lang='lat' dir='ltr'><strong>redisti</strong></span> <span class='ocrx_word' id='word_1_84' title='bbox 1057 1485 1142 1526; x_wconf 91' lang='lat' dir='ltr'><strong>sanc-</strong></span> 
     </span>
     <span class='ocr_line' id='line_1_14' title="bbox 171 1563 226 1613; baseline 0 0"><span class='ocrx_word' id='word_1_85' title='bbox 171 1563 226 1613; x_wconf 87' lang='lat' dir='ltr'><strong>tus.</strong></span> 
     </span>
    </p>

    <p class='ocr_par' dir='ltr' id='par_1_8' title="bbox 215 1631 1141 1716">
     <span class='ocr_line' id='line_1_15' title="bbox 215 1631 1141 1716; baseline -0.006 -19"><span class='ocrx_word' id='word_1_86' title='bbox 215 1635 275 1698; x_wconf 80' lang='lat' dir='ltr'><strong>Pa.</strong></span> <span class='ocrx_word' id='word_1_87' title='bbox 298 1633 353 1696; x_wconf 93' lang='lat' dir='ltr'><strong>Vis</strong></span> <span class='ocrx_word' id='word_1_88' title='bbox 366 1655 469 1695; x_wconf 89' lang='lat' dir='ltr'><strong>vemm</strong></span> <span class='ocrx_word' id='word_1_89' title='bbox 485 1632 594 1694; x_wconf 82' lang='lat' dir='ltr'><strong>fatear?</strong></span> <span class='ocrx_word' id='word_1_90' title='bbox 612 1631 773 1716; x_wconf 85' lang='lat' dir='ltr'><strong>Aliquantb</strong></span> <span class='ocrx_word' id='word_1_91' title='bbox 784 1631 910 1693; x_wconf 89' lang='lat' dir='ltr'><strong>deterior</strong></span> <span class='ocrx_word' id='word_1_92' title='bbox 921 1631 1009 1714; x_wconf 76' lang='lat' dir='ltr'><strong>quam</strong></span> <span class='ocrx_word' id='word_1_93' title='bbox 1022 1631 1141 1692; x_wconf 91' lang='lat' dir='ltr'><strong>iveram.</strong></span> 
     </span>
    </p>

    <p class='ocr_par' dir='ltr' id='par_1_9' title="bbox 214 1716 1007 1798">
     <span class='ocr_line' id='line_1_16' title="bbox 214 1716 1007 1798; baseline -0.01 -15"><span class='ocrx_word' id='word_1_94' title='bbox 214 1717 277 1782; x_wconf 81' lang='lat' dir='ltr'><strong>Ea.</strong></span> <span class='ocrx_word' id='word_1_95' title='bbox 303 1719 364 1795; x_wconf 88' lang='lat' dir='ltr'><strong>Sic,</strong></span> <span class='ocrx_word' id='word_1_96' title='bbox 377 1732 411 1780; x_wconf 90' lang='lat' dir='ltr'><strong>ut</strong></span> <span class='ocrx_word' id='word_1_97' title='bbox 426 1718 525 1794; x_wconf 85' lang='lat' dir='ltr'><strong>audin,</strong></span> <span class='ocrx_word' id='word_1_98' title='bbox 540 1738 682 1779; x_wconf 87' lang='lat' dir='ltr'><strong>exeussus</strong></span> <span class='ocrx_word' id='word_1_99' title='bbox 698 1731 743 1778; x_wconf 88' lang='lat' dir='ltr'><strong>est</strong></span> <span class='ocrx_word' id='word_1_100' title='bbox 758 1716 901 1798; x_wconf 79' lang='lat' dir='ltr'><strong>religionis</strong></span> <span class='ocrx_word' id='word_1_101' title='bbox 917 1737 1007 1776; x_wconf 91' lang='lat' dir='ltr'><strong>amor.</strong></span> 
     </span>
    </p>

    <p class='ocr_par' dir='ltr' id='par_1_10' title="bbox 172 1799 1141 1957">
     <span class='ocr_line' id='line_1_17' title="bbox 214 1799 1141 1884; baseline -0.005 -18"><span class='ocrx_word' id='word_1_102' title='bbox 214 1803 276 1866; x_wconf 80' lang='lat' dir='ltr'><strong>Pa.</strong></span> <span class='ocrx_word' id='word_1_103' title='bbox 299 1803 364 1867; x_wconf 88' lang='lat' dir='ltr'><strong>lmb</strong></span> <span class='ocrx_word' id='word_1_104' title='bbox 378 1800 473 1884; x_wconf 85' lang='lat' dir='ltr'><strong>magis</strong></span> <span class='ocrx_word' id='word_1_105' title='bbox 491 1801 646 1864; x_wconf 88' lang='lat' dir='ltr'><strong>incanduit.</strong></span> <span class='ocrx_word' id='word_1_106' title='bbox 692 1801 795 1884; x_wconf 87' lang='lat' dir='ltr'><strong>ltaque</strong></span> <span class='ocrx_word' id='word_1_107' title='bbox 819 1820 951 1861; x_wconf 88' lang='lat' dir='ltr'><strong>reversus</strong></span> <span class='ocrx_word' id='word_1_108' title='bbox 966 1799 994 1860; x_wconf 95' lang='lat' dir='ltr'><strong>in</strong></span> <span class='ocrx_word' id='word_1_109' title='bbox 1018 1799 1141 1876; x_wconf 89' lang='lat' dir='ltr'><strong>Italiam,</strong></span> 
     </span>
     <span class='ocr_line' id='line_1_18' title="bbox 172 1886 919 1957; baseline -0.016 -7"><span class='ocrx_word' id='word_1_110' title='bbox 172 1887 273 1951; x_wconf 80' lang='lat' dir='ltr'><strong>addixi</strong></span> <span class='ocrx_word' id='word_1_111' title='bbox 289 1908 337 1950; x_wconf 91' lang='lat' dir='ltr'><strong>me</strong></span> <span class='ocrx_word' id='word_1_112' title='bbox 352 1886 469 1947; x_wconf 82' lang='lat' dir='ltr'><strong>militie.</strong></span> <span class='ocrx_word' id='word_1_113' title='bbox 915 1945 919 1957; x_wconf 35' lang='lat'>¹</span> 
     </span>
    </p>

    <p class='ocr_par' dir='ltr' id='par_1_11' title="bbox 171 1967 1142 2136">
     <span class='ocr_line' id='line_1_19' title="bbox 215 1967 1142 2052; baseline -0.001 -21"><span class='ocrx_word' id='word_1_114' title='bbox 215 1969 276 2032; x_wconf 84' lang='lat' dir='ltr'><strong>Eu.</strong></span> <span class='ocrx_word' id='word_1_115' title='bbox 299 1970 381 2031; x_wconf 80' lang='lat' dir='ltr'><strong>Italae</strong></span> <span class='ocrx_word' id='word_1_116' title='bbox 410 1968 580 2050; x_wconf 83' lang='lat' dir='ltr'><strong>religionem</strong></span> <span class='ocrx_word' id='word_1_117' title='bbox 610 1968 761 2030; x_wconf 90' lang='lat' dir='ltr'><strong>venabaris</strong></span> <span class='ocrx_word' id='word_1_118' title='bbox 790 1967 820 2029; x_wconf 90' lang='lat' dir='ltr'><strong>in</strong></span> <span class='ocrx_word' id='word_1_119' title='bbox 849 1968 946 2030; x_wconf 87' lang='lat' dir='ltr'><strong>bello?</strong></span> <span class='ocrx_word' id='word_1_120' title='bbox 985 1989 1043 2052; x_wconf 94' lang='lat' dir='ltr'><strong>quo</strong></span> <span class='ocrx_word' id='word_1_121' title='bbox 1071 1967 1142 2050; x_wconf 92' lang='lat' dir='ltr'><strong>quid</strong></span> 
     </span>
     <span class='ocr_line' id='line_1_20' title="bbox 171 2051 551 2136; baseline -0.018 -18"><span class='ocrx_word' id='word_1_122' title='bbox 171 2076 237 2118; x_wconf 89' lang='lat' dir='ltr'><strong>esse</strong></span> <span class='ocrx_word' id='word_1_123' title='bbox 253 2067 347 2136; x_wconf 90' lang='lat' dir='ltr'><strong>potest</strong></span> <span class='ocrx_word' id='word_1_124' title='bbox 362 2051 551 2113; x_wconf 86' lang='lat' dir='ltr'><strong>sceleratius?</strong></span> 
     </span>
    </p>

    <p class='ocr_par' dir='ltr' id='par_1_12' title="bbox 213 2135 608 2202">
     <span class='ocr_line' id='line_1_21' title="bbox 213 2135 608 2202; baseline -0.013 0"><span class='ocrx_word' id='word_1_125' title='bbox 213 2139 273 2202; x_wconf 86' lang='lat' dir='ltr'><strong>Pu.</strong></span> <span class='ocrx_word' id='word_1_126' title='bbox 298 2135 371 2198; x_wconf 86' lang='lat' dir='ltr'><strong>Erat</strong></span> <span class='ocrx_word' id='word_1_127' title='bbox 385 2147 485 2196; x_wconf 89' lang='lat' dir='ltr'><strong>sancta</strong></span> <span class='ocrx_word' id='word_1_128' title='bbox 499 2135 608 2197; x_wconf 86' lang='lat' dir='ltr'><strong>militia.</strong></span> 
     </span>
    </p>

    <p class='ocr_par' dir='ltr' id='par_1_13' title="bbox 214 2217 629 2286">
     <span class='ocr_line' id='line_1_22' title="bbox 214 2217 629 2286; baseline -0.007 -1"><span class='ocrx_word' id='word_1_129' title='bbox 214 2221 276 2286; x_wconf 83' lang='lat' dir='ltr'><strong>Eu.</strong></span> <span class='ocrx_word' id='word_1_130' title='bbox 301 2219 446 2282; x_wconf 86' lang='lat' dir='ltr'><strong>Fortassis</strong></span> <span class='ocrx_word' id='word_1_131' title='bbox 460 2217 489 2280; x_wconf 91' lang='lat' dir='ltr'><strong>in</strong></span> <span class='ocrx_word' id='word_1_132' title='bbox 504 2217 629 2282; x_wconf 87' lang='lat' dir='ltr'><strong>Turcas.</strong></span> 
     </span>
    </p>

    <p class='ocr_par' dir='ltr' id='par_1_14' title="bbox 215 2303 1141 2390">
     <span class='ocr_line' id='line_1_23' title="bbox 215 2303 1141 2390; baseline -0.004 -19"><span class='ocrx_word' id='word_1_133' title='bbox 215 2307 274 2372; x_wconf 86' lang='lat' dir='ltr'><strong>Pa.</strong></span> <span class='ocrx_word' id='word_1_134' title='bbox 299 2304 376 2383; x_wconf 86' lang='lat' dir='ltr'><strong>lmb,</strong></span> <span class='ocrx_word' id='word_1_135' title='bbox 387 2303 514 2366; x_wconf 88' lang='lat' dir='ltr'><strong>sanctius</strong></span> <span class='ocrx_word' id='word_1_136' title='bbox 530 2304 669 2388; x_wconf 90' lang='lat' dir='ltr'><strong>quiddam</strong></span> <span class='ocrx_word' id='word_1_137' title='bbox 681 2319 713 2368; x_wconf 91' lang='lat' dir='ltr'><strong>ut</strong></span> <span class='ocrx_word' id='word_1_138' title='bbox 727 2319 789 2368; x_wconf 91' lang='lat' dir='ltr'><strong>tum</strong></span> <span class='ocrx_word' id='word_1_139' title='bbox 805 2306 923 2390; x_wconf 88' lang='lat' dir='ltr'><strong>quidam</strong></span> <span class='ocrx_word' id='word_1_140' title='bbox 938 2305 1141 2390; x_wconf 80' lang='lat' dir='ltr'><strong>predicabant.</strong></span> 
     </span>
    </p>

    <p class='ocr_par' dir='ltr' id='par_1_15' title="bbox 215 2389 473 2464">
     <span class='ocr_line' id='line_1_24' title="bbox 215 2389 473 2464; baseline -0.027 -8"><span class='ocrx_word' id='word_1_141' title='bbox 215 2391 277 2456; x_wconf 86' lang='lat' dir='ltr'><strong>Eu.</strong></span> <span class='ocrx_word' id='word_1_142' title='bbox 302 2389 473 2464; x_wconf 80' lang='lat' dir='ltr'><strong>Quidnam?</strong></span> 
     </span>
    </p>

    <p class='ocr_par' dir='ltr' id='par_1_16' title="bbox 174 2473 1144 2728">
     <span class='ocr_line' id='line_1_25' title="bbox 214 2473 1139 2556; baseline -0.004 -16"><span class='ocrx_word' id='word_1_143' title='bbox 214 2475 397 2541; x_wconf 72' lang='lat' dir='ltr'><strong>Patulus</strong></span> <span class='ocrx_word' id='word_1_144' title='bbox 428 2474 575 2536; x_wconf 86' lang='lat' dir='ltr'><strong>secundus</strong></span> <span class='ocrx_word' id='word_1_145' title='bbox 620 2473 808 2556; x_wconf 88' lang='lat' dir='ltr'><strong>belligerabat</strong></span> <span class='ocrx_word' id='word_1_146' title='bbox 857 2474 996 2536; x_wconf 88' lang='lat' dir='ltr'><strong>adversus</strong></span> <span class='ocrx_word' id='word_1_147' title='bbox 1029 2474 1139 2536; x_wconf 87' lang='lat' dir='ltr'><strong>Gallos.</strong></span> 
     </span>
     <span class='ocr_line' id='line_1_26' title="bbox 174 2557 1144 2637; baseline -0.005 -12"><span class='ocrx_word' id='word_1_148' title='bbox 174 2563 279 2637; x_wconf 76' lang='lat' dir='ltr'><strong>Porri),</strong></span> <span class='ocrx_word' id='word_1_149' title='bbox 294 2561 424 2622; x_wconf 93' lang='lat' dir='ltr'><strong>militiam</strong></span> <span class='ocrx_word' id='word_1_150' title='bbox 439 2557 510 2619; x_wconf 93' lang='lat' dir='ltr'><strong>mihi</strong></span> <span class='ocrx_word' id='word_1_151' title='bbox 524 2561 752 2621; x_wconf 88' lang='lat' dir='ltr'><strong>commendabat</strong></span> <span class='ocrx_word' id='word_1_152' title='bbox 776 2559 863 2621; x_wconf 88' lang='lat' dir='ltr'><strong>etiam</strong></span> <span class='ocrx_word' id='word_1_153' title='bbox 877 2559 1033 2622; x_wconf 89' lang='lat' dir='ltr'><strong>multamm</strong></span> <span class='ocrx_word' id='word_1_154' title='bbox 1047 2581 1144 2622; x_wconf 90' lang='lat' dir='ltr'><strong>rerum</strong></span> 
     </span>
     <span class='ocr_line' id='line_1_27' title="bbox 174 2644 363 2728; baseline -0.037 -20"><span class='ocrx_word' id='word_1_155' title='bbox 174 2644 363 2728; x_wconf 84' lang='lat' dir='ltr'><strong>experientia.</strong></span> 
     </span>
    </p>

    <p class='ocr_par' dir='ltr' id='par_1_17' title="bbox 216 2723 714 2797">
     <span class='ocr_line' id='line_1_28' title="bbox 216 2723 714 2797; baseline -0.002 -12"><span class='ocrx_word' id='word_1_156' title='bbox 216 2726 278 2790; x_wconf 81' lang='lat' dir='ltr'><strong>Eu.</strong></span> <span class='ocrx_word' id='word_1_157' title='bbox 304 2723 478 2797; x_wconf 87' lang='lat' dir='ltr'><strong>Multarum,</strong></span> <span class='ocrx_word' id='word_1_158' title='bbox 494 2724 547 2783; x_wconf 89' lang='lat' dir='ltr'><strong>sed</strong></span> <span class='ocrx_word' id='word_1_159' title='bbox 562 2725 714 2784; x_wconf 89' lang='lat' dir='ltr'><strong>malarum.</strong></span> 
     </span>
    </p>

    <p class='ocr_par' dir='ltr' id='par_1_18' title="bbox 172 2804 1147 2958">
     <span class='ocr_line' id='line_1_29' title="bbox 215 2804 1147 2892; baseline 0.003 -22"><span class='ocrx_word' id='word_1_160' title='bbox 215 2809 274 2872; x_wconf 82' lang='lat' dir='ltr'><strong>Pa.</strong></span> <span class='ocrx_word' id='word_1_161' title='bbox 298 2805 347 2866; x_wconf 70' lang='lat' dir='ltr'><strong>lta</strong></span> <span class='ocrx_word' id='word_1_162' title='bbox 359 2804 424 2887; x_wconf 87' lang='lat' dir='ltr'><strong>pbst</strong></span> <span class='ocrx_word' id='word_1_163' title='bbox 437 2805 579 2886; x_wconf 87' lang='lat' dir='ltr'><strong>comperi.</strong></span> <span class='ocrx_word' id='word_1_164' title='bbox 624 2805 665 2868; x_wconf 89' lang='lat' dir='ltr'><strong>Et</strong></span> <span class='ocrx_word' id='word_1_165' title='bbox 688 2821 786 2866; x_wconf 91' lang='lat' dir='ltr'><strong>tamen</strong></span> <span class='ocrx_word' id='word_1_166' title='bbox 806 2805 855 2868; x_wconf 86' lang='lat' dir='ltr'><strong>hic</strong></span> <span class='ocrx_word' id='word_1_167' title='bbox 872 2807 970 2868; x_wconf 81' lang='lat' dir='ltr'><strong>durids</strong></span> <span class='ocrx_word' id='word_1_168' title='bbox 987 2809 1045 2870; x_wconf 86' lang='lat' dir='ltr'><strong>vixi</strong></span> <span class='ocrx_word' id='word_1_169' title='bbox 1058 2810 1147 2892; x_wconf 71' lang='lat' dir='ltr'><strong>quam</strong></span> 
     </span>
     <span class='ocr_line' id='line_1_30' title="bbox 172 2889 409 2958; baseline -0.038 0"><span class='ocrx_word' id='word_1_170' title='bbox 172 2896 202 2958; x_wconf 90' lang='lat' dir='ltr'><strong>in</strong></span> <span class='ocrx_word' id='word_1_171' title='bbox 218 2889 409 2956; x_wconf 89' lang='lat' dir='ltr'><strong>monasteriis.</strong></span> 
     </span>
    </p>

    <p class='ocr_par' dir='ltr' id='par_1_19' title="bbox 216 2973 602 3056">
     <span class='ocr_line' id='line_1_31' title="bbox 216 2973 602 3056; baseline -0.013 -17"><span class='ocrx_word' id='word_1_172' title='bbox 216 2977 279 3042; x_wconf 85' lang='lat' dir='ltr'><strong>Eu.</strong></span> <span class='ocrx_word' id='word_1_173' title='bbox 304 2973 387 3048; x_wconf 85' lang='lat' dir='ltr'><strong>Quid</strong></span> <span class='ocrx_word' id='word_1_174' title='bbox 402 2987 465 3035; x_wconf 85' lang='lat' dir='ltr'><strong>tum</strong></span> <span class='ocrx_word' id='word_1_175' title='bbox 480 2974 602 3056; x_wconf 87' lang='lat' dir='ltr'><strong>postea?</strong></span> 
     </span>
    </p>

    <p class='ocr_par' dir='ltr' id='par_1_20' title="bbox 174 3057 1147 3400">
     <span class='ocr_line' id='line_1_32' title="bbox 217 3057 1147 3142; baseline -0.002 -18"><span class='ocrx_word' id='word_1_176' title='bbox 217 3064 276 3127; x_wconf 83' lang='lat' dir='ltr'><strong>Pu.</strong></span> <span class='ocrx_word' id='word_1_177' title='bbox 300 3059 319 3121; x_wconf 89' lang='lat' dir='ltr'>J</span> <span class='ocrx_word' id='word_1_178' title='bbox 323 3081 370 3120; x_wconf 91' lang='lat' dir='ltr'><strong>am</strong></span> <span class='ocrx_word' id='word_1_179' title='bbox 384 3057 455 3120; x_wconf 92' lang='lat' dir='ltr'><strong>mihi</strong></span> <span class='ocrx_word' id='word_1_180' title='bbox 471 3057 604 3120; x_wconf 86' lang='lat' dir='ltr'><strong>vacillare</strong></span> <span class='ocrx_word' id='word_1_181' title='bbox 619 3059 710 3142; x_wconf 83' lang='lat' dir='ltr'><strong>coepit</strong></span> <span class='ocrx_word' id='word_1_182' title='bbox 726 3057 848 3134; x_wconf 90' lang='lat' dir='ltr'><strong>animus,</strong></span> <span class='ocrx_word' id='word_1_183' title='bbox 864 3059 961 3121; x_wconf 71' lang='lat' dir='ltr'><strong>utrium</strong></span> <span class='ocrx_word' id='word_1_184' title='bbox 984 3060 1021 3122; x_wconf 87' lang='lat' dir='ltr'><strong>ad</strong></span> <span class='ocrx_word' id='word_1_185' title='bbox 1036 3061 1147 3142; x_wconf 89' lang='lat' dir='ltr'><strong>negoti-</strong></span> 
     </span>
     <span class='ocr_line' id='line_1_33' title="bbox 174 3142 1147 3226; baseline -0.006 -14"><span class='ocrx_word' id='word_1_186' title='bbox 174 3149 300 3214; x_wconf 89' lang='lat' dir='ltr'><strong>ationem</strong></span> <span class='ocrx_word' id='word_1_187' title='bbox 315 3142 508 3206; x_wconf 85' lang='lat' dir='ltr'><strong>intermissam</strong></span> <span class='ocrx_word' id='word_1_188' title='bbox 528 3143 652 3204; x_wconf 87' lang='lat' dir='ltr'><strong>redirem</strong></span> <span class='ocrx_word' id='word_1_189' title='bbox 670 3151 706 3203; x_wconf 87' lang='lat' dir='ltr'><strong>a&#39;n</strong></span> <span class='ocrx_word' id='word_1_190' title='bbox 721 3143 890 3226; x_wconf 85' lang='lat' dir='ltr'><strong>religionem</strong></span> <span class='ocrx_word' id='word_1_191' title='bbox 906 3143 1063 3226; x_wconf 84' lang='lat' dir='ltr'><strong>lugientem</strong></span> <span class='ocrx_word' id='word_1_192' title='bbox 1080 3166 1147 3226; x_wconf 89' lang='lat' dir='ltr'><strong>per-</strong></span> 
     </span>
     <span class='ocr_line' id='line_1_34' title="bbox 174 3225 1146 3316; baseline -0.006 -20"><span class='ocrx_word' id='word_1_193' title='bbox 174 3252 322 3316; x_wconf 90' lang='lat' dir='ltr'><strong>sequerer.</strong></span> <span class='ocrx_word' id='word_1_194' title='bbox 367 3225 487 3288; x_wconf 78' lang='lat' dir='ltr'><strong>InterIm</strong></span> <span class='ocrx_word' id='word_1_195' title='bbox 502 3227 623 3288; x_wconf 89' lang='lat' dir='ltr'><strong>venitin</strong></span> <span class='ocrx_word' id='word_1_196' title='bbox 644 3240 775 3288; x_wconf 88' lang='lat' dir='ltr'><strong>mentem</strong></span> <span class='ocrx_word' id='word_1_197' title='bbox 799 3243 953 3310; x_wconf 88' lang='lat' dir='ltr'><strong>utrumque</strong></span> <span class='ocrx_word' id='word_1_198' title='bbox 969 3228 1053 3290; x_wconf 90' lang='lat' dir='ltr'><strong>alteri</strong></span> <span class='ocrx_word' id='word_1_199' title='bbox 1061 3249 1146 3311; x_wconf 91' lang='lat' dir='ltr'><strong>posse</strong></span> 
     </span>
     <span class='ocr_line' id='line_1_35' title="bbox 175 3313 321 3400; baseline -0.027 -21"><span class='ocrx_word' id='word_1_200' title='bbox 175 3313 321 3400; x_wconf 88' lang='lat' dir='ltr'><strong>conjungi.</strong></span> 
     </span>
    </p>

    <p class='ocr_par' dir='ltr' id='par_1_21' title="bbox 217 3395 1105 3479">
     <span class='ocr_line' id='line_1_36' title="bbox 217 3395 1105 3479; baseline -0.001 -19"><span class='ocrx_word' id='word_1_201' title='bbox 217 3399 279 3465; x_wconf 83' lang='lat' dir='ltr'><strong>Eu.</strong></span> <span class='ocrx_word' id='word_1_202' title='bbox 304 3396 408 3469; x_wconf 84' lang='lat' dir='ltr'><strong>Quid?</strong></span> <span class='ocrx_word' id='word_1_203' title='bbox 429 3407 461 3456; x_wconf 91' lang='lat' dir='ltr'><strong>ut</strong></span> <span class='ocrx_word' id='word_1_204' title='bbox 476 3395 562 3457; x_wconf 91' lang='lat' dir='ltr'><strong>simul</strong></span> <span class='ocrx_word' id='word_1_205' title='bbox 577 3417 657 3457; x_wconf 89' lang='lat' dir='ltr'><strong>esses</strong></span> <span class='ocrx_word' id='word_1_206' title='bbox 672 3409 702 3457; x_wconf 90' lang='lat' dir='ltr'><strong>et</strong></span> <span class='ocrx_word' id='word_1_207' title='bbox 717 3396 878 3479; x_wconf 86' lang='lat' dir='ltr'><strong>negotiator</strong></span> <span class='ocrx_word' id='word_1_208' title='bbox 892 3411 921 3458; x_wconf 90' lang='lat' dir='ltr'><strong>et</strong></span> <span class='ocrx_word' id='word_1_209' title='bbox 935 3399 1105 3460; x_wconf 90' lang='lat' dir='ltr'><strong>monachus.</strong></span> 
     </span>
    </p>

    <p class='ocr_par' dir='ltr' id='par_1_22' title="bbox 217 3477 1147 3566">
     <span class='ocr_line' id='line_1_37' title="bbox 217 3477 1147 3566; baseline -0.002 -22"><span class='ocrx_word' id='word_1_210' title='bbox 217 3485 277 3546; x_wconf 86' lang='lat' dir='ltr'><strong>Po.</strong></span> <span class='ocrx_word' id='word_1_211' title='bbox 302 3479 384 3553; x_wconf 92' lang='lat' dir='ltr'><strong>Quid</strong></span> <span class='ocrx_word' id='word_1_212' title='bbox 399 3478 452 3539; x_wconf 89' lang='lat' dir='ltr'><strong>ni?</strong></span> <span class='ocrx_word' id='word_1_213' title='bbox 474 3477 555 3540; x_wconf 91' lang='lat' dir='ltr'><strong>Nihil</strong></span> <span class='ocrx_word' id='word_1_214' title='bbox 570 3479 729 3560; x_wconf 89' lang='lat' dir='ltr'><strong>religiosius</strong></span> <span class='ocrx_word' id='word_1_215' title='bbox 740 3481 888 3542; x_wconf 91' lang='lat' dir='ltr'><strong>ordinibus</strong></span> <span class='ocrx_word' id='word_1_216' title='bbox 899 3479 1147 3566; x_wconf 82' lang='lat' dir='ltr'><strong>Mendicantium;</strong></span> 
     </span>
    </p>
   </div>
   <div class='ocr_carea' id='block_1_3' title="bbox 175 3562 1148 3706">
    <p class='ocr_par' dir='ltr' id='par_1_23' title="bbox 175 3562 1148 3706">
     <span class='ocr_line' id='line_1_38' title="bbox 175 3562 1148 3706; baseline -0.003 -77"><span class='ocrx_word' id='word_1_217' title='bbox 175 3582 204 3630; x_wconf 91' lang='lat' dir='ltr'><strong>et</strong></span> <span class='ocrx_word' id='word_1_218' title='bbox 225 3581 324 3640; x_wconf 80' lang='lat' dir='ltr'><strong>tamen</strong></span> <span class='ocrx_word' id='word_1_219' title='bbox 346 3563 416 3624; x_wconf 91' lang='lat' dir='ltr'><strong>nihil</strong></span> <span class='ocrx_word' id='word_1_220' title='bbox 441 3562 562 3623; x_wconf 89' lang='lat' dir='ltr'><strong>similius</strong></span> <span class='ocrx_word' id='word_1_221' title='bbox 585 3563 791 3706; x_wconf 66' lang='lat' dir='ltr'><strong>negotiationi3</strong></span> <span class='ocrx_word' id='word_1_222' title='bbox 824 3563 945 3626; x_wconf 87' lang='lat' dir='ltr'><strong>volitant</strong></span> <span class='ocrx_word' id='word_1_223' title='bbox 958 3585 1021 3646; x_wconf 60' lang='lat' dir='ltr'><strong>¹per</strong></span> <span class='ocrx_word' id='word_1_224' title='bbox 1046 3585 1148 3627; x_wconf 90' lang='lat' dir='ltr'><strong>omnes</strong></span> 
     </span>
    </p>
   </div>
   <div class='ocr_carea' id='block_1_4' title="bbox 173 3640 1150 3816">
    <p class='ocr_par' dir='ltr' id='par_1_24' title="bbox 173 3640 1150 3816">
     <span class='ocr_line' id='line_1_39' title="bbox 173 3640 1150 3732; baseline 0.001 -23"><span class='ocrx_word' id='word_1_225' title='bbox 173 3664 263 3709; x_wconf 86' lang='lat' dir='ltr'><strong>terras</strong></span> <span class='ocrx_word' id='word_1_226' title='bbox 286 3668 320 3707; x_wconf 88' lang='lat' dir='ltr'><strong>ao</strong></span> <span class='ocrx_word' id='word_1_227' title='bbox 334 3645 443 3720; x_wconf 90' lang='lat' dir='ltr'><strong>maria;</strong></span> <span class='ocrx_word' id='word_1_228' title='bbox 473 3640 567 3706; x_wconf 87' lang='lat' dir='ltr'><strong>multa</strong></span> <span class='ocrx_word' id='word_1_229' title='bbox 592 3645 620 3706; x_wconf 80' lang='lat' dir='ltr'><strong>n·</strong></span> <span class='ocrx_word' id='word_1_230' title='bbox 643 3659 701 3720; x_wconf 90' lang='lat' dir='ltr'><strong>ent,</strong></span> <span class='ocrx_word' id='word_1_231' title='bbox 725 3647 819 3732; x_wconf 87' lang='lat' dir='ltr'><strong>multa</strong></span> <span class='ocrx_word' id='word_1_232' title='bbox 841 3645 969 3724; x_wconf 84' lang='lat' dir='ltr'><strong>audiunt,</strong></span> <span class='ocrx_word' id='word_1_233' title='bbox 993 3659 1150 3730; x_wconf 77' lang='lat' dir='ltr'><strong>penetrant</strong></span> 
     </span>
     <span class='ocr_line' id='line_1_40' title="bbox 174 3727 1040 3816; baseline 0.007 -27"><span class='ocrx_word' id='word_1_234' title='bbox 174 3728 287 3790; x_wconf 88' lang='lat' dir='ltr'><strong>omneis</strong></span> <span class='ocrx_word' id='word_1_235' title='bbox 301 3727 414 3801; x_wconf 91' lang='lat' dir='ltr'><strong>domos,</strong></span> <span class='ocrx_word' id='word_1_236' title='bbox 429 3727 622 3809; x_wconf 86' lang='lat' dir='ltr'><strong>plebeiorum,</strong></span> <span class='ocrx_word' id='word_1_237' title='bbox 637 3727 787 3808; x_wconf 87' lang='lat' dir='ltr'><strong>nobilium,</strong></span> <span class='ocrx_word' id='word_1_238' title='bbox 803 3742 892 3816; x_wconf 85' lang='lat' dir='ltr'><strong>atque</strong></span> <span class='ocrx_word' id='word_1_239' title='bbox 906 3749 1018 3816; x_wconf 80' lang='lat' dir='ltr'><strong>regum·</strong></span> <span class='ocrx_word' id='word_1_240' title='bbox 1035 3801 1040 3814; x_wconf 28' lang='grc' dir='ltr'><strong>Δ</strong></span> 
     </span>
    </p>
   </div>
   <div class='ocr_carea' id='block_1_5' title="bbox 217 3803 641 3942">
    <p class='ocr_par' dir='ltr' id='par_1_25' title="bbox 217 3803 641 3942">
     <span class='ocr_line' id='line_1_41' title="bbox 217 3803 641 3942; baseline 0.021 -77"><span class='ocrx_word' id='word_1_241' title='bbox 217 3803 280 3866; x_wconf 79' lang='lat' dir='ltr'><strong>Eu.</strong></span> <span class='ocrx_word' id='word_1_242' title='bbox 303 3808 344 3868; x_wconf 84' lang='lat' dir='ltr'><strong>At</strong></span> <span class='ocrx_word' id='word_1_243' title='bbox 357 3827 416 3870; x_wconf 89' lang='lat' dir='ltr'><strong>non</strong></span> <span class='ocrx_word' id='word_1_244' title='bbox 429 3824 641 3942; x_wconf 46' lang='lat' dir='ltr'><strong>capponanmr.</strong></span> 
     </span>
    </p>
   </div>
   <div class='ocr_carea' id='block_1_6' title="bbox 0 0 1301 4194">
    <p class='ocr_par' dir='ltr' id='par_1_26' title="bbox 0 0 1301 4194">
     <span class='ocr_line' id='line_1_42' title="bbox 0 0 1301 4194; baseline 0 0"><span class='ocrx_word' id='word_1_245' title='bbox 0 0 1301 4194; x_wconf 95' lang='lat' dir='ltr'><strong> </strong></span> 
     </span>
    </p>
   </div>
  </div>
 </body>
</html>
