2590 4194
391 396 395 402 ·
471 385 590 428 nunaut
614 385 805 441 consonum.
1060 375 1118 440 121

197 530 248 676 lldl.
271 532 342 630 lion
363 534 467 617 opinor
489 533 590 598 Gades
611 547 661 600 aut
683 535 832 620 Hispanos
858 534 972 599 aditure
999 531 1123 601 mulum

196 635 305 678 nens.
694 637 699 650 ·
907 653 911 660 ·
1125 653 1126 660 .

157 633 258 759 poCla.
281 698 379 761 Multd
403 701 498 762 minus
523 701 611 784 quim
641 702 749 779 ceteri,
772 721 937 785 quanquam
963 700 1121 764 ethorum

156 780 258 842 anime
284 803 341 843 non
356 784 476 845 omnino
488 787 607 846 veniunt
620 785 755 866 plumeae.
798 783 949 847 caeterum
964 805 982 846 e
1004 783 1122 846 Britan·

156 862 211 937 nis,
233 884 250 924 e
281 864 434 927 Germanis
461 865 540 928 belle
561 867 661 949 pastis,
682 868 802 929 veniunt
822 868 974 950 aliquoties
994 866 1068 928 tales
1088 878 1123 930 ut

156 965 249 1027 nuper
276 947 455 1030 periclitatus
482 949 537 1010 sim
566 950 673 1011 decem
701 951 843 1012 duntaxat
867 950 988 1026 vehens,
1013 962 1044 1011 et
1066 945 1120 1010 uisi

159 1026 302 1173 jacturpm
321 1029 465 1107 fecissem,
480 1031 625 1114 perieram
640 1031 706 1118 ¹unia
726 1053 796 1095 cum
816 1032 934 1116 cymbb,
955 1031 1120 1098 vectoribus

155 1125 186 1172 et
199 1133 294 1174 nouo.

196 1193 248 1256 Al.
271 1195 377 1280 Ingens
396 1198 568 1262 discrimen!
597 1248 602 1257 .

202 1275 254 1339 Ob.
279 1278 362 1352 Quid
377 1281 487 1342 interea
500 1303 604 1344 censes
619 1283 679 1346 fieri
693 1283 762 1351 clun
777 1284 922 1346 accedunt
932 1283 1021 1351 crasi
1030 1297 1117 1347 satra-

155 1381 209 1441 pae,
224 1362 374 1424 thrasones
388 1377 419 1425 et
433 1364 771 1449 polymachacroplacidae
780 1367 809 1428 l·

194 1442 249 1505 Al.
274 1445 324 1507 Ex
338 1446 382 1508 his
397 1447 446 1530 qui
461 1460 584 1529 pereunt
597 1447 626 1508 in
636 1447 715 1532 justo
729 1449 807 1511 bello
820 1449 914 1512 nullos
946 1448 1067 1513 arbitror
1079 1449 1119 1512 ad

154 1540 181 1586 te
196 1528 313 1603 venire3
334 1547 417 1590 nam·
427 1529 507 1591 aiunt
528 1550 579 1591 eos
601 1531 682 1593 rectit
695 1533 845 1594 subvolare
859 1533 888 1594 in
901 1533 1020 1595 coehm.

202 1607 254 1671 Cb.
279 1609 352 1682 Qud
376 1611 529 1673 subvolant
551 1613 676 1688 nesci03¹
699 1635 790 1674 unum
814 1615 884 1674 illud
909 1613 979 1689 scio,
1005 1613 1118 1695 quoties

155 1690 263 1754 bellum
278 1707 330 1768 est,
345 1706 387 1755 tot
401 1693 437 1754 ad
454 1714 502 1754 me
516 1695 637 1756 veniunt
658 1695 748 1756 saucii
768 1696 925 1778 lacerique,
939 1708 972 1756 ut
992 1695 1119 1758 demirer

154 1774 245 1835 ullum
260 1795 412 1857 superesse
427 1775 506 1858 apud
519 1797 649 1858 superos.
694 1776 762 1838 Nec
776 1778 868 1857 solr'qn
880 1777 998 1838 veniunt
1007 1789 1118 1839 omstae

153 1857 274 1938 crapulis
288 1872 318 1920 et
336 1857 501 1935 abdomine,
509 1859 612 1921 verbm
624 1859 712 1922 etiam
720 1857 806 1921 bullis
814 1871 843 1920 et
852 1859 1028 1937 sacerdotiis,
1043 1859 1118 1921 eliis·

153 1960 211 2021 que
226 1941 312 2002 rebus
327 1941 466 2036 plurimis.
779 2005 781 2012 ,

194 2021 250 2082 At.
273 2023 315 2084 At
328 2037 380 2084 rsta
391 2045 449 2084 non
460 2021 593 2085 desemnt
602 2043 714 2100 secum,
726 2025 780 2086 sed
793 2023 877 2086 n'udae
892 2023 1010 2088 veniunt
1022 2021 1061 2084 ad
1074 2036 1113 2086 te.

199 2104 255 2166 012.
281 2105 410 2181 Verum;
433 2106 485 2167 sed
507 2127 571 2188 que
592 2121 726 2170 recentes
739 2107 869 2185 venirmt,
883 2106 995 2169 somnia
1015 2105 1115 2168 utum

151 2209 247 2249 rerum
261 2209 362 2248 secum
378 2187 518 2250 adserunt.

192 2269 242 2331 At.
266 2269 350 2331 Itane
365 2285 486 2354 gravant
498 2271 628 2333 somnia?

199 2351 251 2414 ct.
275 2352 407 2414 Gravant
422 2353 560 2434 cymbam
574 2373 688 2414 meam:
705 2354 775 2436 quid
790 2354 874 2416 dixit
896 2354 1035 2435 gravant?
1050 2353 1114 2436 jam

152 2436 364 2498 demerserunt.
418 2433 583 2510 Postremd,
606 2447 649 2496 tot
672 2435 774 2497 obolos
798 2449 884 2517 putas
909 2435 980 2498 nihil
1004 2435 1115 2498 habero

151 2517 288 2580 sarcinae?

194 2599 250 2661 At.
273 2600 421 2683 Equidem
436 2598 566 2674 arbitror,
581 2599 604 2659 si
619 2597 711 2660 terant
725 2619 824 2661 ereos.

199 2681 250 2744 ct.
274 2682 402 2745 Proinde
424 2687 535 2744 certum
557 2694 602 2744 est
622 2680 694 2744 mihi
714 2682 881 2766 prospicere
903 2681 941 2746 de
961 2681 1028 2745 navi
1049 2700 1113 2766 que

151 2766 376 2828 sufficiatoneu'.

192 2847 243 2909 Al.
267 2848 297 2909 Ο
311 2862 340 2910 te
356 2848 489 2909 felicem!

199 2929 252 2992 Cli.
275 2929 358 3004 Quid
373 2930 432 2992 itd?

193 3012 247 3076 At
271 3011 353 3086 Quia
366 3011 537 3094 propediem
553 3012 687 3074 ditescas.

199 3094 250 3156 ct.
273 3093 324 3156 Ob
338 3094 550 3156 multitudinem
564 3093 754 3155 umbrarum?

193 3176 247 3239 At.
271 3176 336 3240 Ne.
572 3188 576 3196 '

200 3259 252 3322 cl.
277 3261 427 3342 Siquidem
442 3278 507 3321 suas
521 3278 594 3340 opes
607 3278 709 3319 secum
724 3254 861 3318 adseram.
906 3255 995 3319 Nunc
1014 3255 1063 3338 qui
1084 3254 1114 3316 iu

151 3342 260 3426 cymbd
273 3343 425 3424 deplorant
438 3361 470 3402 se
485 3340 563 3422 apud
577 3361 697 3422 supems
708 3339 854 3421 reliquisse
868 3360 967 3420 regua,
978 3337 1114 3419 presula-

151 3441 206 3500 tus,
223 3425 358 3499 abbatias,
373 3423 434 3484 auri
455 3423 563 3484 talenta
584 3422 745 3496 innumera,
760 3421 797 3482 ad
819 3441 868 3481 me
890 3421 959 3480 nihil
980 3416 1113 3480 adserunt

152 3521 253 3594 preter
266 3506 395 3568 obolum.
438 3505 543 3586 ltaque
579 3504 635 3565 uod
645 3503 709 3586 jam
724 3502 805 3564 annis
819 3501 954 3594 termille
968 3499 1114 3562 mibioor·

150 3593 247 3653 rasum
261 3602 314 3664 est,
329 3587 359 3650 id
372 3601 464 3650 totum
478 3599 524 3648 est
615 3585 746 3648 dendum
759 3583 789 3646 in
802 3601 891 3648 uuam
912 3594 1069 3647 triremem.
