2590 4194
479 367 597 412 sustu
621 367 812 422 conmenta.
1060 357 1120 418 129

161 509 300 586 revocari,
327 510 381 578 sed
408 523 507 575 tamen
534 513 737 596 posterioribus
764 513 841 576 curis
869 512 966 575 sarciri
993 531 1122 598 possunt.

162 591 232 654 Huc
256 593 341 676 igitur
365 595 501 658 incumbe
525 596 621 679 potius
645 597 733 681 qudm
756 610 788 659 ut
812 596 1022 679 preteritorum
1047 599 1124 664 inani

161 675 358 757 deploratione
372 677 456 740 futuri
471 701 587 762 quoque
602 681 739 762 temporis
749 679 894 764 jacturam
909 678 1005 742 sacius.

203 757 264 820 Pu.
287 759 373 822 Bene
394 782 513 826 mones:
535 764 590 824 sed
610 783 659 824 me
679 763 742 848 jam
764 763 808 824 sui
828 762 901 847 juris
926 763 994 826 seoit
1016 764 1125 828 diutina

160 843 350 906 consuetudo.

203 923 262 988 Ne.
286 925 373 1010 Phy!
401 925 509 988 Clavus
522 927 604 990 clavo
622 927 754 1012 pellitur,
768 929 948 991 consuetudo
969 943 1123 994 consuetu·

161 1007 228 1070 dine
244 1010 372 1072 vincitur.

201 1091 261 1154 Pl.
285 1093 328 1156 At
342 1095 445 1156 durum
460 1107 503 1155 est
518 1114 553 1156 ea
567 1095 729 1176 relinquere
744 1095 846 1177 quibus
861 1095 910 1156 diu
926 1097 1093 1160 assueveris.

201 1172 260 1238 Ne.
283 1177 367 1244 Initio
382 1176 517 1260 quidem3
539 1177 672 1239 sedeam
686 1177 849 1240 molestiam
866 1179 981 1241 diversa
1001 1173 1125 1242 oon'sue·

159 1259 240 1334 tudo,
256 1260 380 1340 primirm
394 1260 474 1336 lenit,
490 1282 561 1322 mox
576 1261 660 1322 vertit
675 1260 704 1322 in
725 1283 869 1322 summam
885 1263 1076 1345 voluptatem,
1090 1277 1123 1325 ut

159 1355 188 1402 te
205 1343 298 1406 brevis
313 1344 450 1406 molestie
465 1365 521 1406 uon
536 1357 667 1426 oporteat
681 1344 832 1426 poenitere.

200 1425 259 1488 Pl.
284 1425 398 1488 Vereor
413 1441 442 1488 ut
456 1429 603 1488 succedat.

202 1507 260 1572 Ne.
284 1509 318 1571 Si
332 1511 563 1592 septuagenarius
578 1532 656 1572 esses
671 1524 727 1571 non
743 1511 921 1572 retraherem
937 1526 996 1573 tea
1017 1512 1123 1589 solitis3

159 1613 238 1653 nuuc
253 1591 304 1654 vix
322 1591 470 1654 decimum
491 1593 657 1674 septimum,
671 1592 783 1674 opinor,
798 1614 906 1654 annum
929 1615 1059 1676 egressus
1082 1617 1122 1656 es.

160 1673 244 1746 Quid
259 1689 355 1737 autern
371 1688 414 1736 est
429 1675 507 1757 quod
522 1675 575 1736 ista
589 1689 658 1737 aetas
671 1697 729 1736 non
749 1675 837 1757 possit
850 1675 976 1752 vincere,
990 1677 1015 1738 si
1035 1677 1125 1739 modd

160 1757 234 1819 adsit
248 1772 398 1840 promptus
413 1758 544 1819 animus?

200 1840 260 1903 Pl.
284 1839 433 1924 Equidem
457 1839 615 1924 aggrediar,
641 1840 826 1924 conaborque
851 1855 885 1903 ut
907 1862 947 1904 ex
975 1841 1125 1926 Philypno

159 1925 227 1986 fiam
242 1923 419 2006 Philologus.
832 1985 833 1988 ,

200 2005 258 2070 Ne.
276 2006 315 2068 ld
340 2010 364 2078 si
388 2007 501 2083 seueris,
524 2005 564 2068 mi
589 2005 748 2090 Philypne,
769 2021 813 2069 sat
836 2007 907 2083 seio,
928 2021 992 2091 post
1014 2031 1124 2092 paucos

159 2090 231 2166 dies,
253 2102 287 2187 et
306 2089 356 2152 tibi
379 2089 454 2152 ‘serid
479 2091 675 2172 gratulaberis,
699 2091 823 2153 etmihi
851 2091 955 2174 gratias
983 2111 1053 2176 ages
1075 2093 1124 2177 qui

158 2194 328 2236 monuerim.

553 2351 638 2405 COL.
662 2351 729 2405 VII.

160 2462 335 2518 unumne,
373 2461 611 2515 BARTHOLINUS,
647 2461 799 2515 eunome,
827 2459 1009 2515 DIONYSIUS,
1039 2461 1126 2502 ERY-

202 2547 286 2601 LIUS,
309 2545 516 2600 muclscus,
539 2543 714 2598 GYRALDUS,
738 2543 958 2599 HIERONYMUS,
976 2541 1125 2600 JACOBUS,

202 2629 415 2670 LAURENTIUS.

180 2737 352 2870 ‘Apherlus
377 2737 520 2800 Vidistine
535 2757 662 2820 unquam
677 2735 734 2797 hoc
749 2733 833 2799 horto
856 2735 1010 2822 quicquam
1032 2757 1126 2800 amoe-

159 2845 407 2968 muilortlroliuus.
432 2903 494 2966 Vix
508 2904 609 2988 opinor
622 2903 651 2964 in
665 2901 763 2963 insulis
785 2899 935 2962 fortunatis
956 2923 1021 2962 esse
1044 2901 1126 2983 quic-

147 3011 248 3072 ,quam
258 2989 423 3072 jucundius.
793 3063 795 3068 Α

207 3069 340 3146 Carolus.
363 3069 457 3133 Plane
470 3069 540 3132 mihi
555 3069 655 3131 videor
682 3069 782 3130 videre
808 3064 982 3150 paradisum,
996 3064 1044 3126 cui
1059 3085 1126 3126 cus·

159 3155 259 3249 todem
281 3154 491 3254 cultoremque,
501 3147 934 3244 Deuspraeseceratmdamum.
1100 3149 1102 3152 ’

203 3235 375 3320 Dronyuur.
399 3236 461 3300 Hrc
473 3237 520 3298 vel
534 3235 643 3298 Nestor
657 3235 704 3296 vel
719 3233 853 3294 Priamus
868 3244 966 3314 posset
986 3231 1127 3312 repubes-

179 3341 237 3383 ere.

160 3343 178 3384 c
202 3401 390 3466 Froueitous.
413 3400 480 3463 lino
494 3403 541 3464 vel
556 3416 684 3464 mortuus
700 3399 884 3462 reviviscere.

159 3573 179 3636 b
207 3485 368 3634 {depoldus
392 3485 546 3548 Adderem
571 3485 684 3562 lubenS,
706 3485 730 3546 si
756 3482 824 3566 quid
849 3500 977 3564 possem,
991 3491 1048 3542 tuae
1072 3479 1126 3564 hy-

180 3595 211 3638 er
232 3593 294 3634 oae.
