<?xml version="1.0" encoding="UTF-8"?>
<!DOCTYPE html PUBLIC "-//W3C//DTD XHTML 1.0 Transitional//EN"
    "http://www.w3.org/TR/xhtml1/DTD/xhtml1-transitional.dtd">
<html xmlns="http://www.w3.org/1999/xhtml" xml:lang="en" lang="en">
 <head>
  <title>
</title>
<meta http-equiv="Content-Type" content="text/html;charset=utf-8" />
  <meta name='ocr-system' content='tesseract 3.04.00' />
  <meta name='ocr-capabilities' content='ocr_page ocr_carea ocr_par ocr_line ocrx_word'/>
</head>
<body>
  <div class='ocr_page' id='page_1' title='image "./liberprimus00danagoog_0130.png"; bbox 0 0 2590 4194; ppageno 0'>
   <div class='ocr_carea' id='block_1_1' title="bbox 488 367 1149 437">
    <p class='ocr_par' dir='ltr' id='par_1_1' title="bbox 488 367 1149 437">
     <span class='ocr_line' id='line_1_1' title="bbox 488 367 1149 437; baseline 0.006 -15"><span class='ocrx_word' id='word_1_1' title='bbox 488 380 619 424; x_wconf 72' lang='lat' dir='ltr'>unasrn</span> <span class='ocrx_word' id='word_1_2' title='bbox 642 381 836 437; x_wconf 75' lang='lat' dir='ltr'>connuonu.</span> <span class='ocrx_word' id='word_1_3' title='bbox 1088 367 1149 428; x_wconf 74' lang='lat'>125</span> 
     </span>
    </p>
   </div>
   <div class='ocr_carea' id='block_1_2' title="bbox 177 525 1152 1538">
    <p class='ocr_par' dir='ltr' id='par_1_2' title="bbox 226 525 553 596">
     <span class='ocr_line' id='line_1_2' title="bbox 226 525 553 596; baseline 0.015 -6"><span class='ocrx_word' id='word_1_4' title='bbox 226 525 286 591; x_wconf 70' lang='lat' dir='ltr'>Pa</span> <span class='ocrx_word' id='word_1_5' title='bbox 310 528 404 592; x_wconf 76' lang='lat' dir='ltr'>Plane</span> <span class='ocrx_word' id='word_1_6' title='bbox 426 531 553 596; x_wconf 88' lang='lat' dir='ltr'>mallem.</span> 
     </span>
    </p>

    <p class='ocr_par' dir='ltr' id='par_1_3' title="bbox 181 609 1152 960">
     <span class='ocr_line' id='line_1_3' title="bbox 225 609 1150 716; baseline 0.008 -44"><span class='ocrx_word' id='word_1_7' title='bbox 225 609 288 674; x_wconf 82' lang='lat' dir='ltr'>Ne.</span> <span class='ocrx_word' id='word_1_8' title='bbox 311 612 360 710; x_wconf 66' lang='lat' dir='ltr'>rit⁸</span> <span class='ocrx_word' id='word_1_9' title='bbox 384 614 470 710; x_wconf 80' lang='lat' dir='ltr'>Plato</span> <span class='ocrx_word' id='word_1_10' title='bbox 493 615 567 676; x_wconf 83' lang='lat' dir='ltr'>dixit</span> <span class='ocrx_word' id='word_1_11' title='bbox 590 615 736 716; x_wconf 39' lang='lat' dir='ltr'>dcimam.</span> <span class='ocrx_word' id='word_1_12' title='bbox 752 615 876 712; x_wconf 66' lang='lat' dir='ltr'>dominis</span> <span class='ocrx_word' id='word_1_13' title='bbox 900 615 1045 712; x_wconf 71' lang='lat' dir='ltr'>immittent</span> <span class='ocrx_word' id='word_1_14' title='bbox 1074 636 1150 694; x_wconf 85' lang='lat' dir='ltr'>esse,</span> 
     </span>
     <span class='ocr_line' id='line_1_4' title="bbox 181 696 1152 843; baseline 0.007 -7"><span class='ocrx_word' id='word_1_15' title='bbox 181 696 837 842; x_wconf 53' lang='lat' dir='ltr'>tlpltllldl&#39;l“itrtlllltttllt</span> <span class='ocrx_word' id='word_1_16' title='bbox 850 713 1152 843; x_wconf 61' lang='lat' dir='ltr'>‘lllllltllt</span> 
     </span>
     <span class='ocr_line' id='line_1_5' title="bbox 182 803 966 960; baseline 0.009 -41"><span class='ocrx_word' id='word_1_17' title='bbox 182 857 236 920; x_wconf 87' lang='lat' dir='ltr'>inis</span> <span class='ocrx_word' id='word_1_18' title='bbox 251 863 427 958; x_wconf 81' lang='lat' dir='ltr'>portionem,</span> <span class='ocrx_word' id='word_1_19' title='bbox 437 803 544 958; x_wconf 77' lang='lat' dir='ltr'>coipups</span> <span class='ocrx_word' id='word_1_20' title='bbox 559 827 646 960; x_wconf 78' lang='lat' dir='ltr'>apiini</span> <span class='ocrx_word' id='word_1_21' title='bbox 660 864 829 925; x_wconf 80' lang='lat' dir='ltr'>ministrum.</span> <span class='ocrx_word' id='word_1_22' title='bbox 852 803 871 864; x_wconf 73' lang='lat' dir='ltr'>p</span> <span class='ocrx_word' id='word_1_23' title='bbox 946 803 966 864; x_wconf 73' lang='lat' dir='ltr'>p</span> 
     </span>
    </p>

    <p class='ocr_par' dir='ltr' id='par_1_4' title="bbox 181 942 1151 1255">
     <span class='ocr_line' id='line_1_6' title="bbox 223 942 1150 1106; baseline 0.008 -19"><span class='ocrx_word' id='word_1_24' title='bbox 223 942 286 1088; x_wconf 53' lang='lat' dir='ltr'>lli.</span> <span class='ocrx_word' id='word_1_25' title='bbox 307 943 391 1089; x_wconf 41' lang='lat' dir='ltr'>{iim</span> <span class='ocrx_word' id='word_1_26' title='bbox 406 967 576 1090; x_wconf 64' lang='lat' dir='ltr'>stibilsirolles</span> <span class='ocrx_word' id='word_1_27' title='bbox 596 1027 759 1089; x_wconf 88' lang='lat' dir='ltr'>ministrum</span> <span class='ocrx_word' id='word_1_28' title='bbox 782 1029 935 1092; x_wconf 84' lang='lat' dir='ltr'><strong>abdomine</strong></span> <span class='ocrx_word' id='word_1_29' title='bbox 956 1031 1082 1106; x_wconf 89' lang='lat' dir='ltr'>tardum,</span> <span class='ocrx_word' id='word_1_30' title='bbox 1097 1030 1150 1094; x_wconf 87' lang='lat' dir='ltr'>sed</span> 
     </span>
     <span class='ocr_line' id='line_1_7' title="bbox 181 1107 1151 1198; baseline 0.008 -30"><span class='ocrx_word' id='word_1_31' title='bbox 181 1107 287 1189; x_wconf 83' lang='lat' dir='ltr'>agilem</span> <span class='ocrx_word' id='word_1_32' title='bbox 301 1111 403 1172; x_wconf 85' lang='lat' dir='ltr'>malles</span> <span class='ocrx_word' id='word_1_33' title='bbox 418 1125 447 1172; x_wconf 90' lang='lat' dir='ltr'>et</span> <span class='ocrx_word' id='word_1_34' title='bbox 460 1111 596 1188; x_wconf 84' lang='lat' dir='ltr'>alacrem,</span> <span class='ocrx_word' id='word_1_35' title='bbox 611 1133 664 1173; x_wconf 94' lang='lat' dir='ltr'>cur</span> <span class='ocrx_word' id='word_1_36' title='bbox 677 1111 775 1174; x_wconf 88' lang='lat' dir='ltr'>animo</span> <span class='ocrx_word' id='word_1_37' title='bbox 789 1133 873 1194; x_wconf 87' lang='lat' dir='ltr'>paras</span> <span class='ocrx_word' id='word_1_38' title='bbox 887 1112 1047 1176; x_wconf 86' lang='lat' dir='ltr'>ministrum</span> <span class='ocrx_word' id='word_1_39' title='bbox 1069 1114 1151 1198; x_wconf 82' lang='lat' dir='ltr'>igna-</span> 
     </span>
     <span class='ocr_line' id='line_1_8' title="bbox 181 1193 451 1255; baseline 0.015 -4"><span class='ocrx_word' id='word_1_40' title='bbox 181 1211 249 1252; x_wconf 83' lang='lat' dir='ltr'>vum</span> <span class='ocrx_word' id='word_1_41' title='bbox 265 1205 294 1254; x_wconf 90' lang='lat' dir='ltr'>et</span> <span class='ocrx_word' id='word_1_42' title='bbox 307 1193 451 1255; x_wconf 80' lang='lat' dir='ltr'>obesum?</span> 
     </span>
    </p>

    <p class='ocr_par' dir='ltr' id='par_1_5' title="bbox 220 1273 871 1338">
     <span class='ocr_line' id='line_1_9' title="bbox 220 1273 871 1338; baseline 0.009 -3"><span class='ocrx_word' id='word_1_43' title='bbox 220 1273 279 1336; x_wconf 81' lang='lat' dir='ltr'>Pt.</span> <span class='ocrx_word' id='word_1_44' title='bbox 305 1274 416 1338; x_wconf 91' lang='lat' dir='ltr'>Vincor</span> <span class='ocrx_word' id='word_1_45' title='bbox 429 1276 512 1338; x_wconf 87' lang='lat' dir='ltr'>veris.</span> <span class='ocrx_word' id='word_1_46' title='bbox 868 1283 871 1290; x_wconf 88' lang='grc'><strong><em>’</em></strong></span> 
     </span>
    </p>

    <p class='ocr_par' dir='ltr' id='par_1_6' title="bbox 177 1355 1150 1538">
     <span class='ocr_line' id='line_1_10' title="bbox 219 1355 1149 1446; baseline 0.005 -27"><span class='ocrx_word' id='word_1_47' title='bbox 219 1355 280 1420; x_wconf 81' lang='lat' dir='ltr'>Ne.</span> <span class='ocrx_word' id='word_1_48' title='bbox 303 1356 372 1420; x_wconf 89' lang='lat' dir='ltr'>Jam</span> <span class='ocrx_word' id='word_1_49' title='bbox 395 1359 477 1446; x_wconf 82' lang='lat' dir='ltr'>¹uliud</span> <span class='ocrx_word' id='word_1_50' title='bbox 503 1359 688 1442; x_wconf 87' lang='lat' dir='ltr'>dispendium</span> <span class='ocrx_word' id='word_1_51' title='bbox 714 1359 832 1443; x_wconf 82' lang='lat' dir='ltr'>accipe:</span> <span class='ocrx_word' id='word_1_52' title='bbox 863 1374 895 1423; x_wconf 92' lang='lat' dir='ltr'>ut</span> <span class='ocrx_word' id='word_1_53' title='bbox 924 1360 1037 1424; x_wconf 85' lang='lat' dir='ltr'>animus</span> <span class='ocrx_word' id='word_1_54' title='bbox 1062 1361 1149 1446; x_wconf 70' lang='lat' dir='ltr'>longe</span> 
     </span>
     <span class='ocr_line' id='line_1_11' title="bbox 177 1441 1150 1538; baseline 0.007 -35"><span class='ocrx_word' id='word_1_55' title='bbox 177 1455 291 1538; x_wconf 75' lang='lat' dir='ltr'>prestat</span> <span class='ocrx_word' id='word_1_56' title='bbox 302 1443 425 1527; x_wconf 81' lang='lat' dir='ltr'>corpori,</span> <span class='ocrx_word' id='word_1_57' title='bbox 436 1442 476 1504; x_wconf 78' lang='lat' dir='ltr'>ita</span> <span class='ocrx_word' id='word_1_58' title='bbox 490 1441 587 1504; x_wconf 83' lang='lat' dir='ltr'>lateris</span> <span class='ocrx_word' id='word_1_59' title='bbox 600 1464 672 1526; x_wconf 87' lang='lat' dir='ltr'>opes</span> <span class='ocrx_word' id='word_1_60' title='bbox 687 1443 773 1504; x_wconf 87' lang='lat' dir='ltr'>animi</span> <span class='ocrx_word' id='word_1_61' title='bbox 788 1442 875 1528; x_wconf 70' lang='lat' dir='ltr'>longe</span> <span class='ocrx_word' id='word_1_62' title='bbox 888 1445 1054 1528; x_wconf 74' lang='lat' dir='ltr'>precellere</span> <span class='ocrx_word' id='word_1_63' title='bbox 1072 1445 1150 1510; x_wconf 84' lang='lat' dir='ltr'>bona</span> 
     </span>
    </p>
   </div>
   <div class='ocr_carea' id='block_1_3' title="bbox 118 1543 1147 2440">
    <p class='ocr_par' dir='ltr' id='par_1_7' title="bbox 176 1543 314 1586">
     <span class='ocr_line' id='line_1_12' title="bbox 176 1543 314 1586; baseline 0.014 -2"><span class='ocrx_word' id='word_1_64' title='bbox 176 1543 214 1584; x_wconf 88' lang='lat' dir='ltr'>co</span> <span class='ocrx_word' id='word_1_65' title='bbox 268 1545 314 1586; x_wconf 88' lang='lat' dir='ltr'>ns.</span> 
     </span>
    </p>

    <p class='ocr_par' dir='ltr' id='par_1_8' title="bbox 213 1545 558 1672">
     <span class='ocr_line' id='line_1_13' title="bbox 213 1545 558 1672; baseline 0.009 -4"><span class='ocrx_word' id='word_1_66' title='bbox 213 1545 281 1668; x_wconf 56' lang='grc' dir='ltr'>Ἡ.</span> <span class='ocrx_word' id='word_1_67' title='bbox 305 1607 462 1670; x_wconf 82' lang='lat' dir='ltr'>Probabile</span> <span class='ocrx_word' id='word_1_68' title='bbox 478 1609 558 1672; x_wconf 87' lang='lat' dir='ltr'>dicis.</span> 
     </span>
    </p>

    <p class='ocr_par' dir='ltr' id='par_1_9' title="bbox 118 1688 1033 1836">
     <span class='ocr_line' id='line_1_14' title="bbox 118 1688 1033 1835; baseline 0.005 -85"><span class='ocrx_word' id='word_1_69' title='bbox 118 1727 119 1730; x_wconf 60' lang='lat'><em>=</em></span> <span class='ocrx_word' id='word_1_70' title='bbox 219 1688 284 1834; x_wconf 45' lang='grc' dir='ltr'>ἐξ.</span> <span class='ocrx_word' id='word_1_71' title='bbox 303 1690 370 1835; x_wconf 55' lang='lat' dir='ltr'>l{ad</span> <span class='ocrx_word' id='word_1_72' title='bbox 384 1691 459 1752; x_wconf 88' lang='lat' dir='ltr'>inter</span> <span class='ocrx_word' id='word_1_73' title='bbox 473 1691 562 1752; x_wconf 88' lang='lat' dir='ltr'>animi</span> <span class='ocrx_word' id='word_1_74' title='bbox 574 1691 652 1752; x_wconf 89' lang='lat' dir='ltr'>bona</span> <span class='ocrx_word' id='word_1_75' title='bbox 666 1691 774 1774; x_wconf 90' lang='lat' dir='ltr'>primas</span> <span class='ocrx_word' id='word_1_76' title='bbox 789 1705 869 1754; x_wconf 85' lang='lat' dir='ltr'>tenet</span> <span class='ocrx_word' id='word_1_77' title='bbox 883 1693 1033 1776; x_wconf 82' lang='lat' dir='ltr'>sapientia</span> 
     </span>
     <span class='ocr_line' id='line_1_15' title="bbox 271 1787 421 1836; baseline 0.007 -2"><span class='ocrx_word' id='word_1_78' title='bbox 271 1820 278 1834; x_wconf 89' lang='lat'>.</span> <span class='ocrx_word' id='word_1_79' title='bbox 332 1787 421 1836; x_wconf 85' lang='lat' dir='ltr'>ateor.</span> 
     </span>
    </p>

    <p class='ocr_par' dir='ltr' id='par_1_10' title="bbox 175 1853 1147 2187">
     <span class='ocr_line' id='line_1_16' title="bbox 220 1853 1147 1941; baseline 0.004 -24"><span class='ocrx_word' id='word_1_80' title='bbox 220 1853 280 1918; x_wconf 84' lang='lat' dir='ltr'>Ne.</span> <span class='ocrx_word' id='word_1_81' title='bbox 304 1855 356 1917; x_wconf 87' lang='lat' dir='ltr'>Ad</span> <span class='ocrx_word' id='word_1_82' title='bbox 378 1857 454 1919; x_wconf 87' lang='lat' dir='ltr'>hanc</span> <span class='ocrx_word' id='word_1_83' title='bbox 479 1856 639 1940; x_wconf 79' lang='lat' dir='ltr'>parandam</span> <span class='ocrx_word' id='word_1_84' title='bbox 664 1857 741 1918; x_wconf 89' lang='lat' dir='ltr'>nulla</span> <span class='ocrx_word' id='word_1_85' title='bbox 766 1857 824 1918; x_wconf 91' lang='lat' dir='ltr'>diei</span> <span class='ocrx_word' id='word_1_86' title='bbox 848 1878 915 1940; x_wconf 84' lang='lat' dir='ltr'>pars</span> <span class='ocrx_word' id='word_1_87' title='bbox 935 1857 1035 1920; x_wconf 74' lang='lat' dir='ltr'>:utilior</span> <span class='ocrx_word' id='word_1_88' title='bbox 1053 1858 1147 1941; x_wconf 50' lang='lat' dir='ltr'>*quim</span> 
     </span>
     <span class='ocr_line' id='line_1_17' title="bbox 176 1936 1146 2022; baseline 0.006 -23"><span class='ocrx_word' id='word_1_89' title='bbox 176 1936 345 2016; x_wconf 87' lang='lat' dir='ltr'>diluculum,</span> <span class='ocrx_word' id='word_1_90' title='bbox 359 1939 427 2001; x_wconf 84' lang='lat' dir='ltr'>crim</span> <span class='ocrx_word' id='word_1_91' title='bbox 442 1941 485 2001; x_wconf 89' lang='lat' dir='ltr'>sol</span> <span class='ocrx_word' id='word_1_92' title='bbox 505 1961 596 2000; x_wconf 91' lang='lat' dir='ltr'>novus</span> <span class='ocrx_word' id='word_1_93' title='bbox 618 1939 753 2000; x_wconf 88' lang='lat' dir='ltr'>exoriens</span> <span class='ocrx_word' id='word_1_94' title='bbox 767 1939 897 2022; x_wconf 83' lang='lat' dir='ltr'>vigorem</span> <span class='ocrx_word' id='word_1_95' title='bbox 918 1954 948 2002; x_wconf 90' lang='lat' dir='ltr'>et</span> <span class='ocrx_word' id='word_1_96' title='bbox 969 1940 1146 2005; x_wconf 73' lang='lat' dir='ltr'>alacritatem</span> 
     </span>
     <span class='ocr_line' id='line_1_18' title="bbox 176 2019 1146 2105; baseline 0.005 -24"><span class='ocrx_word' id='word_1_97' title='bbox 176 2019 268 2084; x_wconf 74' lang='lat' dir='ltr'>adfert</span> <span class='ocrx_word' id='word_1_98' title='bbox 283 2022 370 2084; x_wconf 88' lang='lat' dir='ltr'>rebus</span> <span class='ocrx_word' id='word_1_99' title='bbox 388 2022 532 2097; x_wconf 90' lang='lat' dir='ltr'>omnibus,</span> <span class='ocrx_word' id='word_1_100' title='bbox 552 2022 727 2105; x_wconf 86' lang='lat' dir='ltr'>discutitque</span> <span class='ocrx_word' id='word_1_101' title='bbox 749 2022 1070 2085; x_wconf 84' lang='lat' dir='ltr'>nebulaseventn&#39;culo</span> <span class='ocrx_word' id='word_1_102' title='bbox 1092 2045 1146 2086; x_wconf 81' lang='lat' dir='ltr'>ex·</span> 
     </span>
     <span class='ocr_line' id='line_1_19' title="bbox 175 2103 1144 2187; baseline 0.006 -23"><span class='ocrx_word' id='word_1_103' title='bbox 175 2103 265 2167; x_wconf 88' lang='lat' dir='ltr'>halari</span> <span class='ocrx_word' id='word_1_104' title='bbox 280 2119 442 2180; x_wconf 85' lang='lat' dir='ltr'>consuetas,</span> <span class='ocrx_word' id='word_1_105' title='bbox 458 2126 521 2187; x_wconf 83' lang='lat' dir='ltr'>quae</span> <span class='ocrx_word' id='word_1_106' title='bbox 537 2105 641 2168; x_wconf 82' lang='lat' dir='ltr'>mentis</span> <span class='ocrx_word' id='word_1_107' title='bbox 657 2105 835 2168; x_wconf 89' lang='lat' dir='ltr'>domicilium</span> <span class='ocrx_word' id='word_1_108' title='bbox 852 2107 948 2168; x_wconf 89' lang='lat' dir='ltr'>solent</span> <span class='ocrx_word' id='word_1_109' title='bbox 965 2105 1144 2170; x_wconf 76' lang='lat' dir='ltr'>obnubilans.</span> 
     </span>
    </p>

    <p class='ocr_par' dir='ltr' id='par_1_11' title="bbox 216 2187 524 2270">
     <span class='ocr_line' id='line_1_20' title="bbox 216 2187 524 2270; baseline 0 -20"><span class='ocrx_word' id='word_1_110' title='bbox 216 2187 275 2250; x_wconf 80' lang='lat' dir='ltr'>Pt.</span> <span class='ocrx_word' id='word_1_111' title='bbox 300 2187 369 2249; x_wconf 93' lang='lat' dir='ltr'>Non</span> <span class='ocrx_word' id='word_1_112' title='bbox 383 2209 524 2270; x_wconf 84' lang='lat' dir='ltr'>repugno.</span> 
     </span>
    </p>

    <p class='ocr_par' dir='ltr' id='par_1_12' title="bbox 170 2269 1146 2440">
     <span class='ocr_line' id='line_1_21' title="bbox 216 2269 1146 2354; baseline 0.001 -20"><span class='ocrx_word' id='word_1_113' title='bbox 216 2270 279 2334; x_wconf 84' lang='lat' dir='ltr'>Ne.</span> <span class='ocrx_word' id='word_1_114' title='bbox 303 2269 393 2333; x_wconf 91' lang='lat' dir='ltr'>Nunc</span> <span class='ocrx_word' id='word_1_115' title='bbox 407 2270 478 2331; x_wconf 88' lang='lat' dir='ltr'>mihi</span> <span class='ocrx_word' id='word_1_116' title='bbox 492 2283 619 2353; x_wconf 83' lang='lat' dir='ltr'>supputa</span> <span class='ocrx_word' id='word_1_117' title='bbox 633 2284 772 2354; x_wconf 89' lang='lat' dir='ltr'>quantum</span> <span class='ocrx_word' id='word_1_118' title='bbox 788 2269 956 2333; x_wconf 85' lang='lat' dir='ltr'>eruditionis</span> <span class='ocrx_word' id='word_1_119' title='bbox 973 2271 1024 2332; x_wconf 90' lang='lat' dir='ltr'>tibi</span> <span class='ocrx_word' id='word_1_120' title='bbox 1044 2293 1146 2354; x_wconf 87' lang='lat' dir='ltr'>parare</span> 
     </span>
     <span class='ocr_line' id='line_1_22' title="bbox 170 2352 1108 2440; baseline 0 -24"><span class='ocrx_word' id='word_1_121' title='bbox 170 2354 267 2440; x_wconf 90' lang='lat' dir='ltr'>possis</span> <span class='ocrx_word' id='word_1_122' title='bbox 282 2367 406 2438; x_wconf 88' lang='lat' dir='ltr'>quatuor</span> <span class='ocrx_word' id='word_1_123' title='bbox 420 2353 474 2414; x_wconf 91' lang='lat' dir='ltr'>illis</span> <span class='ocrx_word' id='word_1_124' title='bbox 488 2353 565 2414; x_wconf 91' lang='lat' dir='ltr'>horis</span> <span class='ocrx_word' id='word_1_125' title='bbox 580 2373 652 2436; x_wconf 88' lang='lat' dir='ltr'>quas</span> <span class='ocrx_word' id='word_1_126' title='bbox 666 2375 769 2415; x_wconf 90' lang='lat' dir='ltr'>somno</span> <span class='ocrx_word' id='word_1_127' title='bbox 782 2352 988 2435; x_wconf 85' lang='lat' dir='ltr'>intempestivo</span> <span class='ocrx_word' id='word_1_128' title='bbox 1001 2354 1108 2436; x_wconf 86' lang='lat' dir='ltr'>perdis.</span> 
     </span>
    </p>
   </div>
   <div class='ocr_carea' id='block_1_4' title="bbox 216 2435 1146 2602">
    <p class='ocr_par' dir='ltr' id='par_1_13' title="bbox 216 2435 1146 2602">
     <span class='ocr_line' id='line_1_23' title="bbox 217 2435 587 2502; baseline -0.016 0"><span class='ocrx_word' id='word_1_129' title='bbox 217 2437 276 2502; x_wconf 81' lang='lat' dir='ltr'>Pt.</span> <span class='ocrx_word' id='word_1_130' title='bbox 300 2435 440 2500; x_wconf 71' lang='lat' dir='ltr'>Profecti)</span> <span class='ocrx_word' id='word_1_131' title='bbox 453 2436 587 2498; x_wconf 89' lang='lat' dir='ltr'>multum.</span> 
     </span>
     <span class='ocr_line' id='line_1_24' title="bbox 216 2515 1146 2602; baseline -0.004 -18"><span class='ocrx_word' id='word_1_132' title='bbox 216 2520 279 2584; x_wconf 84' lang='lat' dir='ltr'>Ne.</span> <span class='ocrx_word' id='word_1_133' title='bbox 303 2519 456 2602; x_wconf 83' lang='lat' dir='ltr'>Expertus</span> <span class='ocrx_word' id='word_1_134' title='bbox 470 2541 546 2594; x_wconf 91' lang='lat' dir='ltr'>sum,</span> <span class='ocrx_word' id='word_1_135' title='bbox 562 2518 591 2579; x_wconf 91' lang='lat' dir='ltr'>in</span> <span class='ocrx_word' id='word_1_136' title='bbox 605 2517 707 2580; x_wconf 90' lang='lat' dir='ltr'>studiis</span> <span class='ocrx_word' id='word_1_137' title='bbox 721 2518 788 2600; x_wconf 92' lang='lat' dir='ltr'>plus</span> <span class='ocrx_word' id='word_1_138' title='bbox 801 2517 879 2579; x_wconf 90' lang='lat' dir='ltr'>effici</span> <span class='ocrx_word' id='word_1_139' title='bbox 893 2515 952 2578; x_wconf 72' lang='lat' dir='ltr'>und</span> <span class='ocrx_word' id='word_1_140' title='bbox 965 2516 1039 2578; x_wconf 79' lang='lat' dir='ltr'>horai</span> <span class='ocrx_word' id='word_1_141' title='bbox 1051 2527 1146 2580; x_wconf 82' lang='lat' dir='ltr'>matu-</span> 
     </span>
    </p>
   </div>
   <div class='ocr_carea' id='block_1_5' title="bbox 173 2599 1145 3102">
    <p class='ocr_par' dir='ltr' id='par_1_14' title="bbox 174 2599 1145 2834">
     <span class='ocr_line' id='line_1_25' title="bbox 175 2599 1145 2688; baseline -0.002 -22"><span class='ocrx_word' id='word_1_142' title='bbox 175 2599 238 2666; x_wconf 75' lang='lat' dir='ltr'>rint</span> <span class='ocrx_word' id='word_1_143' title='bbox 253 2603 342 2688; x_wconf 80' lang='lat' dir='ltr'>quiam</span> <span class='ocrx_word' id='word_1_144' title='bbox 356 2603 445 2666; x_wconf 89' lang='lat' dir='ltr'>tribus</span> <span class='ocrx_word' id='word_1_145' title='bbox 467 2601 682 2686; x_wconf 84' lang='lat' dir='ltr'>pomeridianis,</span> <span class='ocrx_word' id='word_1_146' title='bbox 698 2601 786 2685; x_wconf 90' lang='lat' dir='ltr'>idque</span> <span class='ocrx_word' id='word_1_147' title='bbox 807 2600 887 2664; x_wconf 91' lang='lat' dir='ltr'>nullo</span> <span class='ocrx_word' id='word_1_148' title='bbox 907 2601 1036 2685; x_wconf 86' lang='lat' dir='ltr'>corporis</span> <span class='ocrx_word' id='word_1_149' title='bbox 1058 2600 1145 2670; x_wconf 80' lang='lat' dir='ltr'>detri-</span> 
     </span>
     <span class='ocr_line' id='line_1_26' title="bbox 174 2702 418 2834; baseline -0.008 0"><span class='ocrx_word' id='word_1_150' title='bbox 174 2702 282 2834; x_wconf 59' lang='lat' dir='ltr'>meiii</span> <span class='ocrx_word' id='word_1_151' title='bbox 300 2770 418 2833; x_wconf 73' lang='lat' dir='ltr'>Audivi.</span> 
     </span>
    </p>

    <p class='ocr_par' dir='ltr' id='par_1_15' title="bbox 173 2853 1144 3036">
     <span class='ocr_line' id='line_1_27' title="bbox 216 2853 1144 2938; baseline 0.002 -20"><span class='ocrx_word' id='word_1_152' title='bbox 216 2853 276 2918; x_wconf 82' lang='lat' dir='ltr'>Nc.</span> <span class='ocrx_word' id='word_1_153' title='bbox 299 2854 418 2917; x_wconf 90' lang='lat' dir='ltr'>Deinde</span> <span class='ocrx_word' id='word_1_154' title='bbox 433 2853 503 2915; x_wconf 93' lang='lat' dir='ltr'>illud</span> <span class='ocrx_word' id='word_1_155' title='bbox 517 2867 631 2936; x_wconf 87' lang='lat' dir='ltr'>reputa,</span> <span class='ocrx_word' id='word_1_156' title='bbox 645 2853 670 2916; x_wconf 92' lang='lat' dir='ltr'>si</span> <span class='ocrx_word' id='word_1_157' title='bbox 685 2855 861 2917; x_wconf 71' lang='lat' dir='ltr'>sinmlomm</span> <span class='ocrx_word' id='word_1_158' title='bbox 876 2855 990 2917; x_wconf 91' lang='lat' dir='ltr'>dierum</span> <span class='ocrx_word' id='word_1_159' title='bbox 999 2855 1144 2938; x_wconf 85' lang='lat' dir='ltr'>jacturam</span> 
     </span>
     <span class='ocr_line' id='line_1_28' title="bbox 173 2905 989 3036; baseline -0.002 -36"><span class='ocrx_word' id='word_1_160' title='bbox 173 2938 203 3000; x_wconf 89' lang='lat' dir='ltr'>iu</span> <span class='ocrx_word' id='word_1_161' title='bbox 218 2959 362 3000; x_wconf 85' lang='lat' dir='ltr'>summam</span> <span class='ocrx_word' id='word_1_162' title='bbox 376 2937 518 3012; x_wconf 83' lang='lat' dir='ltr'>conseras,</span> <span class='ocrx_word' id='word_1_163' title='bbox 534 2951 657 3036; x_wconf 71' lang='lat' dir='ltr'>quantus</span> <span class='ocrx_word' id='word_1_164' title='bbox 671 2937 707 2999; x_wconf 91' lang='lat' dir='ltr'>sit</span> <span class='ocrx_word' id='word_1_165' title='bbox 721 2905 832 2998; x_wconf 65' lang='lat' dir='ltr'>diturus</span> <span class='ocrx_word' id='word_1_166' title='bbox 846 2939 989 2998; x_wconf 90' lang='lat' dir='ltr'>cumulus.</span> 
     </span>
    </p>

    <p class='ocr_par' dir='ltr' id='par_1_16' title="bbox 216 3019 604 3102">
     <span class='ocr_line' id='line_1_29' title="bbox 216 3019 604 3102; baseline -0.013 -18"><span class='ocrx_word' id='word_1_167' title='bbox 216 3020 277 3084; x_wconf 84' lang='lat' dir='ltr'>Plr.</span> <span class='ocrx_word' id='word_1_168' title='bbox 300 3020 407 3102; x_wconf 81' lang='lat' dir='ltr'>Ingens</span> <span class='ocrx_word' id='word_1_169' title='bbox 422 3019 563 3102; x_wconf 85' lang='lat' dir='ltr'>prolecto.</span> <span class='ocrx_word' id='word_1_170' title='bbox 594 3063 604 3068; x_wconf 95' lang='lat'>-</span> 
     </span>
    </p>
   </div>
   <div class='ocr_carea' id='block_1_6' title="bbox 174 3099 1143 3575">
    <p class='ocr_par' dir='ltr' id='par_1_17' title="bbox 174 3099 1143 3353">
     <span class='ocr_line' id='line_1_30' title="bbox 216 3099 1143 3185; baseline -0.001 -20"><span class='ocrx_word' id='word_1_171' title='bbox 216 3103 278 3166; x_wconf 79' lang='lat' dir='ltr'>Nc.</span> <span class='ocrx_word' id='word_1_172' title='bbox 302 3101 364 3176; x_wconf 86' lang='lat' dir='ltr'>Qui</span> <span class='ocrx_word' id='word_1_173' title='bbox 379 3122 509 3185; x_wconf 82' lang='lat' dir='ltr'>gemmas</span> <span class='ocrx_word' id='word_1_174' title='bbox 526 3115 556 3163; x_wconf 93' lang='lat' dir='ltr'>et</span> <span class='ocrx_word' id='word_1_175' title='bbox 575 3121 677 3161; x_wconf 83' lang='lat' dir='ltr'>aarum</span> <span class='ocrx_word' id='word_1_176' title='bbox 699 3099 812 3162; x_wconf 75' lang='lat' dir='ltr'>temere</span> <span class='ocrx_word' id='word_1_177' title='bbox 833 3099 990 3183; x_wconf 76' lang='lat' dir='ltr'>profundit,</span> <span class='ocrx_word' id='word_1_178' title='bbox 1006 3101 1143 3184; x_wconf 83' lang='lat' dir='ltr'>prodigus</span> 
     </span>
     <span class='ocr_line' id='line_1_31' title="bbox 174 3182 1143 3268; baseline -0.002 -20"><span class='ocrx_word' id='word_1_179' title='bbox 174 3186 307 3262; x_wconf 85' lang='lat' dir='ltr'>habetur,</span> <span class='ocrx_word' id='word_1_180' title='bbox 322 3199 352 3248; x_wconf 93' lang='lat' dir='ltr'>et</span> <span class='ocrx_word' id='word_1_181' title='bbox 366 3199 492 3247; x_wconf 88' lang='lat' dir='ltr'>tutorem</span> <span class='ocrx_word' id='word_1_182' title='bbox 506 3183 627 3264; x_wconf 82' lang='lat' dir='ltr'>accipit:</span> <span class='ocrx_word' id='word_1_183' title='bbox 651 3183 714 3246; x_wconf 83' lang='lat' dir='ltr'>haec</span> <span class='ocrx_word' id='word_1_184' title='bbox 728 3183 805 3246; x_wconf 87' lang='lat' dir='ltr'>bona</span> <span class='ocrx_word' id='word_1_185' title='bbox 818 3182 899 3246; x_wconf 75' lang='lat' dir='ltr'>teuto</span> <span class='ocrx_word' id='word_1_186' title='bbox 912 3183 1080 3266; x_wconf 88' lang='lat' dir='ltr'>pretiosiora</span> <span class='ocrx_word' id='word_1_187' title='bbox 1093 3184 1143 3268; x_wconf 82' lang='lat' dir='ltr'>qui</span> 
     </span>
     <span class='ocr_line' id='line_1_32' title="bbox 175 3265 850 3353; baseline -0.001 -23"><span class='ocrx_word' id='word_1_188' title='bbox 175 3269 280 3353; x_wconf 88' lang='lat' dir='ltr'>perdit,</span> <span class='ocrx_word' id='word_1_189' title='bbox 294 3289 390 3330; x_wconf 89' lang='lat' dir='ltr'>nonne</span> <span class='ocrx_word' id='word_1_190' title='bbox 404 3266 495 3330; x_wconf 84' lang='lat' dir='ltr'>multd</span> <span class='ocrx_word' id='word_1_191' title='bbox 509 3266 619 3348; x_wconf 84' lang='lat' dir='ltr'>turpiiu</span> <span class='ocrx_word' id='word_1_192' title='bbox 634 3265 770 3348; x_wconf 82' lang='lat' dir='ltr'>prodigus</span> <span class='ocrx_word' id='word_1_193' title='bbox 785 3268 850 3329; x_wconf 85' lang='lat' dir='ltr'>esti</span> 
     </span>
    </p>

    <p class='ocr_par' dir='ltr' id='par_1_18' title="bbox 217 3348 1133 3432">
     <span class='ocr_line' id='line_1_33' title="bbox 217 3348 1133 3432; baseline -0.005 -19"><span class='ocrx_word' id='word_1_194' title='bbox 217 3349 278 3414; x_wconf 82' lang='lat' dir='ltr'>Plt.</span> <span class='ocrx_word' id='word_1_195' title='bbox 302 3350 353 3412; x_wconf 92' lang='lat' dir='ltr'>Sic</span> <span class='ocrx_word' id='word_1_196' title='bbox 367 3364 499 3432; x_wconf 89' lang='lat' dir='ltr'>apparet,</span> <span class='ocrx_word' id='word_1_197' title='bbox 513 3349 537 3410; x_wconf 91' lang='lat' dir='ltr'>si</span> <span class='ocrx_word' id='word_1_198' title='bbox 552 3369 615 3410; x_wconf 90' lang='lat' dir='ltr'>rem</span> <span class='ocrx_word' id='word_1_199' title='bbox 629 3348 712 3411; x_wconf 82' lang='lat' dir='ltr'>rectit</span> <span class='ocrx_word' id='word_1_200' title='bbox 724 3349 834 3410; x_wconf 79' lang='lat' dir='ltr'>ratione</span> <span class='ocrx_word' id='word_1_201' title='bbox 849 3348 1073 3430; x_wconf 86' lang='lat' dir='ltr'>perpendamus.</span> <span class='ocrx_word' id='word_1_202' title='bbox 1130 3419 1133 3424; x_wconf 25' lang='grc' dir='ltr'>Ι</span> 
     </span>
    </p>

    <p class='ocr_par' dir='ltr' id='par_1_19' title="bbox 217 3428 1143 3575">
     <span class='ocr_line' id='line_1_34' title="bbox 217 3428 1143 3575; baseline -0.003 -78"><span class='ocrx_word' id='word_1_203' title='bbox 217 3433 278 3497; x_wconf 82' lang='lat' dir='ltr'>Ne.</span> <span class='ocrx_word' id='word_1_204' title='bbox 301 3432 367 3495; x_wconf 88' lang='lat' dir='ltr'>Jam</span> <span class='ocrx_word' id='word_1_205' title='bbox 383 3431 604 3575; x_wconf 53' lang='lat' dir='ltr'>ffludffinde</span> <span class='ocrx_word' id='word_1_206' title='bbox 620 3432 698 3513; x_wconf 91' lang='lat' dir='ltr'>quod</span> <span class='ocrx_word' id='word_1_207' title='bbox 720 3431 834 3514; x_wconf 90' lang='lat' dir='ltr'>scripsit</span> <span class='ocrx_word' id='word_1_208' title='bbox 859 3429 955 3505; x_wconf 89' lang='lat' dir='ltr'>Plato,</span> <span class='ocrx_word' id='word_1_209' title='bbox 970 3428 1063 3494; x_wconf 70' lang='lat' dir='ltr'>Nihil</span> <span class='ocrx_word' id='word_1_210' title='bbox 1082 3449 1143 3494; x_wconf 71' lang='lat' dir='ltr'>aare</span> 
     </span>
    </p>
   </div>
   <div class='ocr_carea' id='block_1_7' title="bbox 169 3511 1142 3748">
    <p class='ocr_par' dir='ltr' id='par_1_20' title="bbox 169 3511 1142 3748">
     <span class='ocr_line' id='line_1_35' title="bbox 169 3511 1142 3611; baseline -0.003 -31"><span class='ocrx_word' id='word_1_211' title='bbox 169 3515 333 3606; x_wconf 68' lang='lat' dir='ltr'>pulchrius,</span> <span class='ocrx_word' id='word_1_212' title='bbox 343 3513 450 3611; x_wconf 52' lang='lat' dir='ltr'>aidila</span> <span class='ocrx_word' id='word_1_213' title='bbox 502 3596 509 3609; x_wconf 33' lang='grc' dir='ltr'><strong>ο</strong></span> <span class='ocrx_word' id='word_1_214' title='bbox 529 3513 586 3610; x_wconf 71' lang='lat' dir='ltr'>lius</span> <span class='ocrx_word' id='word_1_215' title='bbox 595 3513 764 3610; x_wconf 79' lang='lat' dir='ltr'>supientidr</span> <span class='ocrx_word' id='word_1_216' title='bbox 779 3533 845 3607; x_wconf 65' lang='lat' dir='ltr'>que</span> <span class='ocrx_word' id='word_1_217' title='bbox 854 3511 882 3572; x_wconf 68' lang='lat' dir='ltr'>o?</span> <span class='ocrx_word' id='word_1_218' title='bbox 892 3512 1040 3597; x_wconf 79' lang='lat' dir='ltr'>corporeis</span> <span class='ocrx_word' id='word_1_219' title='bbox 1051 3511 1142 3577; x_wconf 71' lang='lat' dir='ltr'>uoti·</span> 
     </span>
     <span class='ocr_line' id='line_1_36' title="bbox 172 3595 927 3748; baseline -0.008 -82"><span class='ocrx_word' id='word_1_220' title='bbox 172 3599 256 3666; x_wconf 79' lang='lat' dir='ltr'>carui</span> <span class='ocrx_word' id='word_1_221' title='bbox 270 3606 380 3686; x_wconf 75' lang='lat' dir='ltr'>postet,</span> <span class='ocrx_word' id='word_1_222' title='bbox 394 3595 578 3748; x_wconf 47' lang='lat' dir='ltr'>rrpclrpdrbrles</span> <span class='ocrx_word' id='word_1_223' title='bbox 592 3617 640 3660; x_wconf 79' lang='lat' dir='ltr'>aut</span> <span class='ocrx_word' id='word_1_224' title='bbox 654 3618 765 3662; x_wconf 80' lang='lat' dir='ltr'>amaret</span> <span class='ocrx_word' id='word_1_225' title='bbox 779 3603 927 3660; x_wconf 67' lang='lat' dir='ltr'>mutuet</span> 
     </span>
    </p>
   </div>
   <div class='ocr_carea' id='block_1_8' title="bbox 0 0 1300 4194">
    <p class='ocr_par' dir='ltr' id='par_1_21' title="bbox 0 0 1300 4194">
     <span class='ocr_line' id='line_1_37' title="bbox 0 0 1300 4194; baseline 0 4"><span class='ocrx_word' id='word_1_226' title='bbox 0 0 1300 4194; x_wconf 95' lang='lat' dir='ltr'> </span> 
     </span>
    </p>
   </div>
  </div>
 </body>
</html>
