2570 4180
636 340 684 409 52

228 519 341 584 Stabat
355 519 487 602 populus
507 539 571 600 prae
586 529 672 581 metu
687 517 824 598 trepidus
838 514 879 576 ad
892 512 1015 576 radices
1029 513 1141 575 montis

186 602 343 666 fumantis.

228 685 313 748 Deus
329 697 431 748 autern
447 687 476 746 in
503 696 607 747 monte
633 683 849 764 loquebature
866 679 970 740 rnedid
993 680 1077 740 nube
1096 679 1141 739 in·

185 779 233 832 ter
247 769 369 851 fulgura
384 780 416 830 et
430 769 575 830 tonitrua.

640 894 691 950 90.

227 989 307 1052 Haec
323 1010 414 1070 porro
435 1001 506 1052 sunt
524 991 617 1052 verba
642 1011 711 1068 quae
728 988 855 1068 protulit
870 987 976 1050 Deus:
997 1009 1059 1070 ego
1074 965 1141 1052 suni

184 1072 345 1147 Dominus,
361 1073 413 1152 qui
428 1073 520 1134 eduxi
535 1095 589 1133 vos
603 1095 621 1134 e
637 1072 781 1132 servitute
798 1071 1025 1151 AEgyptiorum.

227 1157 300 1218 Non
314 1165 404 1218 erunt
425 1155 513 1216 vobis
534 1156 578 1217 dii
601 1154 719 1216 alieni:¹
735 1154 804 1236 Ego
826 1174 905 1213 unus
927 1153 1012 1214 Deus
1031 1164 1064 1215 et
1077 1176 1140 1218 non

184 1250 233 1302 est
247 1238 324 1300 alius
340 1249 452 1320 praeter
466 1258 527 1300 me.

227 1322 301 1384 Non
328 1319 514 1402 usurpabitis
542 1340 657 1382 nornen
681 1318 741 1380 Dei
764 1319 856 1384 uestri
877 1319 993 1380 temere
1018 1330 1051 1382 et
1072 1321 1140 1383 sine

123 1435 128 1444 ν
184 1423 290 1466 causa.
974 1427 977 1432 ·

226 1483 367 1547 Sabbato
382 1484 501 1546 nullum
516 1505 593 1566 opus
603 1483 724 1546 facietis
736 1507 745 1562 3
759 1483 855 1546 colite
870 1494 990 1565 patrem
1004 1494 1141 1549 vestrum
1232 1481 1237 1492 ’
1253 1551 1257 1556 ,

183 1578 217 1633 et
229 1579 359 1632 matrem
373 1578 525 1630 vestram:
546 1589 609 1629 non
624 1567 785 1643 occidetis,
800 1587 863 1628 non
878 1561 1101 1630 adulterabitis.
1160 1587 1166 1595 ·

227 1653 301 1714 Non
323 1649 444 1714 facietis
465 1650 597 1714 surturn:
628 1673 691 1714 non
722 1651 834 1713 dicetis
863 1649 974 1712 falsum
1001 1652 1140 1718 testimo-

182 1736 269 1799 nium
284 1735 437 1879 ladversus
459 1734 631 1817 proximum
650 1745 803 1798 vestrum:
824 1755 888 1796 non
910 1734 1140 1817 concupiscetis

184 1839 249 1882 rem
265 1828 400 1880 aterius.

636 1942 688 1998 91.

129 2069 133 2076 ·
225 2039 340 2115 Moses,
363 2059 382 2100 a
403 2037 473 2102 Deo
493 2038 637 2116 monitus,
659 2041 774 2102 confici
795 2041 886 2123 jussit
902 2042 1138 2106 tabernaculum

182 2143 222 2184 ex
249 2122 383 2203 pellibus
411 2132 444 2184 ct
468 2121 595 2183 cortinis
617 2124 853 2204 pretiosissimis,
885 2125 1010 2208 insuper
1035 2147 1139 2190 arcam

183 2203 308 2268 foederis
335 2226 411 2268 auro
439 2225 517 2288 puro
541 2206 691 2283 vestitam,
714 2207 746 2270 in
768 2208 830 2290 qud
858 2210 996 2292 reposuit
1016 2210 1139 2274 tabulas

183 2287 262 2370 legis
276 2289 400 2352 divinas.

226 2372 335 2440 Quum
353 2374 417 2458 jam
439 2374 471 2437 in
493 2385 666 2454 conspectu
681 2373 810 2450 heberet
825 2386 937 2439 terrain
951 2397 970 2438 a
984 2377 1054 2440 Deo
1069 2399 1138 2460 pro-

182 2454 316 2532 missam,
330 2468 468 2521 mortuus
482 2466 530 2520 est
552 2458 596 2520 vir
621 2458 772 2540 sapientie
793 2469 825 2522 et
839 2459 962 2522 caeteris
976 2461 1137 2524 virtutibus

182 2534 275 2614 plane
290 2541 489 2602 admirabilis.
658 2545 663 2554 ’

224 2619 319 2678 Luxit
332 2640 404 2679 eum
419 2623 550 2700 populus
565 2623 678 2683 diebus
692 2621 829 2700 triginta.
873 2654 876 2658 ·

226 2697 386 2757 Successit
407 2700 439 2760 in
466 2703 570 2762 locum
601 2702 699 2762 Mosis
723 2701 829 2774 Josue,
851 2724 944 2780 quem
966 2706 1032 2782 ipse
1054 2711 1137 2785 priris

182 2777 410 2859 designaverat.

628 2884 679 2941 92.

225 2994 269 3057 Ut
296 2995 425 3057 Hebraei
457 2997 489 3058 in
518 3004 630 3057 terram
654 2989 833 3074 promissam
855 2991 1134 3079 introducerentur,

182 3074 333 3137 Iordanes
346 3088 412 3138 erat
436 3077 652 3158 trajiciendus:
673 3093 733 3134 nec
753 3084 819 3136 erat
834 3075 870 3137 iis
887 3081 1010 3144 navium
1032 3086 1134 3166 copia,

181 3177 239 3218 nec
254 3157 367 3217 vadum
381 3160 542 3237 praebebat
559 3157 657 3217 arnnis
671 3166 746 3216 tunc
761 3156 855 3236 pleno
870 3160 959 3224 alveo
974 3166 1082 3229 fluens.

224 3240 310 3302 Deus
324 3239 409 3300 venit
423 3240 469 3302 eis
490 3239 622 3300 auxilio:
644 3237 737 3300 Josue
756 3240 846 3322 jussit
870 3246 1006 3324 praeferri
1030 3272 1133 3315 ercam

67 3353 71 3358 ·
183 3320 317 3399 funderis,
332 3332 364 3416 et
378 3322 528 3404 populum
541 3321 639 3400 sequi.

224 3407 502 3488 Approprnquante
528 3404 609 3478 ares,
634 3425 733 3486 aquae,
759 3427 828 3487 quae
862 3414 992 3492 superne
1015 3415 1134 3478 deflue-

182 3485 268 3560 bant,
282 3499 433 3553 steterunt
448 3490 542 3552 instar
562 3488 661 3566 muri3
683 3510 752 3568 quae
777 3502 881 3556 autern
903 3495 989 3572 insrd,
1003 3499 1133 3561 descen·

183 3564 295 3628 derunt
308 3579 341 3630 et
355 3573 477 3634 alveum
490 3570 609 3633 siccum
624 3571 824 3651 reliquerunt.
