2570 4180
609 355 656 423 57

202 531 265 594 Ubi
293 531 360 594 dies
388 533 497 609 illuxit,
526 553 655 614 surgens
676 553 694 594 e
718 531 835 594 lectulo
857 532 978 614 aperuit
998 543 1110 597 ostrum

159 615 362 692 tabernaculi,
385 617 430 678 uti
462 617 565 678 lacere
595 625 814 678 consueverat:
851 616 981 690 timebat
1008 628 1111 680 autern
1167 637 1169 644 ·

159 699 314 759 sacerdoti
329 699 465 762 indicare
481 719 652 761 sermonem
666 700 736 761 Dei.

202 780 277 841 Heli
305 783 497 863 compellans
518 801 609 844 eum:
631 804 686 844 oro
707 793 748 858 te,
772 781 881 862 inquit,
909 792 942 843 et
962 783 1111 858 obtestor,

159 862 265 924 indica
278 865 352 926 milri
367 888 404 927 ea
420 887 489 946 quae
514 865 592 926 dixit
606 866 662 927 tibi
685 866 790 928 Deus:
811 887 889 943 cave
903 887 943 927 ne
957 887 1007 928 me
1023 866 1111 946 quid·

160 966 252 1024 quarn
268 949 352 1010 celes
366 970 473 1010 eorum
488 971 557 1028 quae
574 949 726 1010 audivisti.
1111 969 1114 976 ’

202 1029 329 1092 lubenti
354 1033 454 1112 paruit
470 1031 606 1104 Samuel,
621 1033 726 1111 illique
741 1033 893 1094 enarravit
919 1032 1023 1094 omnia
1035 1053 1111 1094 ver-

158 1113 201 1174 ba
231 1114 374 1176 Domini:
398 1115 449 1176 cui
471 1116 561 1181 Heli:
582 1115 733 1176 Dominus
755 1127 812 1192 cst,
834 1116 887 1192 ait,
911 1115 1007 1177 saciat
1027 1117 1111 1196 quod

158 1196 216 1256 sibi
233 1196 367 1258 libuerit.

593 1285 662 1341 106.

157 1381 296 1527 fliium
321 1383 390 1464 post
411 1383 528 1446 bellurn
549 1395 690 1446 exortum
711 1396 759 1447 est
780 1385 860 1447 inter
881 1383 1056 1448 Philistaeos
1077 1398 1111 1449 et

191 1487 208 1527 e
232 1487 320 1526 raeos.

200 1549 329 1610 Hebraei
344 1571 448 1610 arcam
462 1549 585 1611 foederis
607 1550 639 1612 in
663 1571 801 1633 pugnam
822 1551 977 1625 deferunt,
992 1561 1110 1614 etcum

158 1636 196 1693 ea
211 1631 267 1692 filii
281 1633 449 1694 sacerdotis
464 1634 657 1712 procedunt3
679 1636 743 1708 sed,
758 1635 831 1712 quia
855 1634 941 1694 Deus
962 1632 1022 1694 illis
1044 1645 1111 1697 erat

158 1714 304 1790 offensus,
319 1736 393 1776 arca
406 1715 590 1777 detrimento
614 1716 712 1798 magis
735 1717 826 1796 quim
841 1715 1020 1797 adjumento
1041 1717 1109 1779 fuit.

201 1797 284 1860 Victi
307 1808 378 1860 sunt
401 1798 540 1874 Hebraei,
555 1799 652 1862 occisi
674 1799 730 1860 filii
753 1798 933 1875 sacerdotis,
948 1819 1022 1862 arca
1042 1801 1110 1882 ipsa

157 1891 250 1960 capta
264 1891 321 1942 est.

199 1963 284 2039 Heli,
298 1963 405 2026 audito
426 1974 520 2026 tantae
545 1965 643 2027 cladis
664 1965 789 2042 nuncio,
805 1986 823 2028 e
837 1963 914 2028 sella
927 1963 1055 2042 decidit,
1076 1975 1109 2029 et

157 2045 253 2109 fracti
266 2047 388 2112 cervice
402 2059 540 2111 mortuus
555 2059 615 2112 est.

497 2153 499 2160 ·
599 2154 668 2209 ror.
713 2127 716 2137 '

200 2244 326 2307 Samuel
349 2243 406 2307 fuit
427 2254 599 2325 postremus
629 2245 835 2307 Hebraeorum
853 2244 959 2327 judex,
986 2265 1108 2306 eorum·

156 2348 221 2408 que,
236 2349 284 2390 res
306 2328 337 2389 in
352 2327 470 2389 summai
491 2347 570 2408 pace
592 2338 625 2390 et
639 2327 789 2410 perpetus
809 2327 1031 2406 tranquillitate
1053 2327 1108 2389 ad-

154 2411 346 2473 ministravit.

198 2496 244 2555 At
257 2515 353 2573 quum
380 2494 539 2568 senuisset,
554 2503 586 2554 et
611 2491 665 2553 filii
686 2491 753 2574 ejus
774 2511 794 2552 a
814 2490 951 2552 moribus
973 2490 1108 2572 paternis

155 2577 375 2652 desciscerent,
391 2576 533 2657 populus,
558 2575 702 2637 novitatis
724 2595 839 2650 amans,
864 2575 905 2636 ab
926 2572 981 2637 illo
1002 2595 1107 2658 regern

177 2660 254 2722 etiit.

155 2681 176 2741 p
197 2743 323 2805 Samuel
353 2745 449 2826 primo
471 2765 536 2805 rern
557 2742 710 2818 dissuasit,
733 2742 947 2822 Hebraeosque
977 2743 1018 2805 ab
1047 2743 1106 2806 isto

155 2827 284 2888 consilio
312 2829 467 2892 dimovere
489 2838 621 2890 conatus
652 2837 719 2904 est3
752 2827 808 2888 sed
829 2827 874 2888 illi
897 2828 929 2888 in
951 2827 1107 2889 sententia

123 2949 127 2974 t
154 2911 361 2990 perstiterunt.

124 2987 126 3000 '
197 2993 305 3060 Quare
321 2995 495 3055 admonitus
510 2995 607 3055 aDeo
622 2991 748 3052 Samuel
764 2991 872 3052 annuit
881 3011 988 3053 eorum
1002 2999 1106 3071 postu·

155 3074 271 3148 lationi,
286 3087 318 3137 et
333 3077 458 3138 Saiilem
473 3097 579 3158 regern
594 3074 798 3136 consecravit.

197 3158 272 3218 Erat
287 3159 386 3220 Saiilis
408 3160 517 3241 ingens
539 3169 656 3221 statura
678 3167 710 3218 et
735 3156 830 3219 forma
845 3157 1012 3233 excellens
1027 3157 1105 3218 adeb

154 3249 188 3300 ut
202 3241 337 3321 dignitas
351 3243 488 3322 corporis
503 3241 647 3324 dignitati
664 3240 757 3322 regiae
773 3241 901 3322 pulchre
912 3239 1103 3302 conveniret.

604 3348 674 3402 108.
785 3399 787 3402 .

196 3437 344 3499 Philistaei
360 3437 392 3498 in
403 3459 512 3519 agrurn
522 3439 726 3500 Hebraeorum
741 3438 939 3518 irruptionem
953 3433 1104 3494 fecerunt.

197 3521 399 3602 Quapropter
430 3521 505 3583 Saiil
535 3522 679 3582 adversus
700 3521 771 3584 illos
798 3517 960 3600 processit,
974 3526 1007 3578 et
1021 3516 1105 3598 apud

153 3603 296 3686 Galgala,
310 3604 418 3666 urbem
437 3605 589 3686 insignem
611 3604 698 3666 istius
720 3600 863 3682 regionis,
877 3609 979 3662 castra
992 3599 1104 3682 posuit.
