2570 4180
615 356 665 424 43

205 535 272 603 Qui
284 534 537 630 responderunt:
559 557 623 598 non
645 553 816 630 possumus
829 533 914 596 adire
957 531 1120 596 resectum

164 616 204 762 aAE
248 618 373 699 ptisine
384 615 591 701 Benjamin05
613 620 680 700 ipse
701 618 785 682 euim
803 617 894 702 jussit
915 553 1002 682 ilium
1022 615 1063 678 ad
1083 635 1120 680 se

183 701 289 764 duci.
376 731 382 740 ·

164 721 278 860 8(ἶιιι,
293 776 393 864 inquit
406 794 503 865 pater,
517 748 707 848 inentionem
719 784 834 848 secistis
847 784 887 847 de
910 781 1003 846 fratre
1016 792 1118 848 vestro

161 867 315 944 minimo?

205 951 309 1032 lpse,
301 951 454 1038 inquiunt,
468 971 525 1012 nos
546 949 746 1032 interrogavit
767 969 807 1014 an
825 959 913 1032 pater
936 949 1117 1028 viveret,an

163 1034 259 1098 aliurn
274 1033 399 1098 fratrem
413 1033 607 1096 haberemus.

205 1099 435 1198 Respondimus
457 1117 496 1178 ad
518 1138 558 1178 ea
579 1137 649 1197 quae
665 1115 902 1180 sciscitabatur.
921 1136 986 1180 non
1013 1115 1117 1199 potui·

161 1219 230 1263 mus
251 1201 397 1282 praescire
419 1219 491 1263 eum
512 1201 668 1267 dicturum
688 1219 776 1268 esse.
798 1200 944 1264 adducite
966 1197 1029 1262 huc
1046 1198 1117 1305 'fra-

161 1294 240 1347 trem
253 1294 397 1346 vestrum.

186 1425 338 1514 'dunc
308 1449 413 1529 Iudas,
428 1473 508 1514 unus
532 1473 550 1515 e
574 1449 645 1516 filiis
668 1453 802 1550 iacobi&
810 1451 889 1518 dixit
909 1452 1009 1534 patri:
1029 1473 1116 1518 com-

121 1554 127 1562 *
145 1533 247 1598 'mitte
261 1535 336 1597 mihi
351 1555 501 1617 puerum·
522 1556 585 1618 ego
607 1535 693 1598 illum
708 1536 826 1618 recipio
840 1536 873 1598 in
888 1533 982 1600 fidem
995 1557 1116 1602 meam:

158 1637 223 1700 ego
250 1619 391 1713 servabo,
411 1639 479 1700 ego
507 1619 655 1681 reducam
675 1618 774 1685 illurn·
785 1619 826 1680 ad
846 1629 898 1697 te3
918 1619 977 1683 nisi
1000 1619 1115 1697 fecero,

160 1700 251 1796 hujus
266 1722 309 1764 rer
300 1700 440 1782 culpa
432 1723 464 1763 ιιι
487 1722 536 1764 me
558 1701 725 1764 residebit.
746 1701 772 1763 si
791 1699 940 1764 voluisses
961 1723 1035 1766 eum
1055 1713 1116 1766 sta·

161 1783 217 1846 tim
231 1784 419 1860 dimittere,'
407 1806 473 1867 Jam
487 1783 626 1847 secundb
640 1784 702 1847 bue
717 1783 923 1850 rediissemus.

201 1867 344 1930 Tandem
359 1867 459 1930 victus
480 1876 569 1949 pater
592 1867 720 1947 annuit;
742 1868 889 1949 quoniam
912 1888 1042 1932 necesse
1056 1879 1115 1946 est,

159 1948 268 2032 iuquit,
291 1951 506 2032 proficiscatur
519 1951 717 2048 Benjaminus
731 1951 902 2028 vobiscum,
915 1951 1076 2016 deferte
1048 1973 1115 2016 vrro

159 2054 288 2096 munera
301 2043 334 2096 et
347 2034 476 2116 duplum
490 2035 633 2116 pretium,
649 2055 697 2118 pe
723 2035 800 2098 forte
825 2051 928 2100 errore
943 2035 1061 2099 sactum
1074 2035 1115 2100 sit

159 2127 195 2186 ut
208 2117 296 2180 vobis
309 2117 489 2180 redderetur
503 2118 586 2200 prior
600 2119 781 2262 pgpunia..

203 2283 395 2378 Nunciatum
414 2294 463 2346 est
486 2283 623 2365 Josepho
637 2285 812 2347 eosdem
785 2305 865 2347 viros
886 2285 1057 2363 advenisse,
1080 2295 1114 2350 et
1201 2327 1205 2336 ·

159 2387 232 2429 curn
246 2367 292 2429 eis
306 2367 466 2449 parvulum
481 2367 615 2428 fratrem.

201 2449 297 2512 Jussit
317 2450 470 2532 Josephus
499 2469 554 2512 eos
585 2448 741 2512 introduci
771 2449 907 2524 domum,
935 2459 968 2512 et
995 2447 1114 2512 lautum

159 2533 260 2628 parari
275 2533 460 2595 convivium.
654 2580 659 2591 .

203 2615 252 2678 Illi
284 2635 376 2712 porro
406 2613 589 2678 metuebant
619 2635 659 2678 ne
692 2623 893 2698 arguerentur
916 2614 956 2678 de
978 2614 1114 2698 pecunia

158 2721 252 2781 quam
286 2700 318 2761 in
346 2699 448 2762 succis
483 2709 682 2780 repererant:
715 2717 811 2780 quare
835 2708 1045 2782 purgaverunt
1076 2718 1112 2764 su

158 2783 241 2866 apud
255 2783 509 2878 dispensatorem
515 2781 588 2845 Jose
612 2782 653 2844 hi.
833 2809 837 2818 ’

199 2866 269 2929 Jaru
293 2867 399 2942 semel,
425 2866 577 2961 inquiunt,
589 2804 653 2928 buc
667 2864 827 2926 venimus:
849 2864 961 2927 reversi
982 2863 1111 2928 domum

158 2949 329 3012 invenimus
371 2949 504 3030 pretium
542 2947 730 3011 frumenti
723 2968 755 3008 ιιι
789 2947 914 3008 saccis:
956 2947 1112 3008 nescimus

156 3052 305 3126 quonam
306 3052 381 3094 cusu
407 3032 439 3093 id
464 3031 581 3094 factum
599 3029 711 3094 suerit·
732 3028 787 3090 sed
801 3028 933 3091 eandem
946 3027 1112 3112 pecuniam

156 3113 387 3196 reportavimus

199 3197 324 3264 Quibus
338 3198 532 3292 dispensator
546 3197 609 3262 ait·
629 3197 714 3262 bono
727 3195 832 3260 animo
845 3207 955 3260 estote.
988 3193 1112 3260 Deinde

157 3278 286 3342 adduxit
299 3280 339 3340 ud
353 3280 422 3342 illus
437 3274 625 3356 Simeonem,
639 3280 692 3362 qui
706 3288 845 3346 retentus
859 3280 969 3344 fluerat.

198 3444 322 3508 Deinde
347 3443 533 3526 Josephus
525 3465 680 3528 ingressus
703 3447 798 3512 estin
812 3443 973 3517 conclave,
988 3440 1044 3504 ubi
1064 3442 1112 3507 sui

115 3581 117 3586 ,
154 3549 229 3596 euru
253 3528 360 3592 fratres
380 3528 601 3612 expectabunt,
616 3529 670 3611 qui
693 3549 767 3598 eum
789 3525 926 3604 venerati
949 3523 1113 3624 suutoffe·

155 3622 260 3677 rentes
273 3631 410 3714 munera.
