2590 4194
626 369 698 440 100

183 549 300 697 pippem
314 549 498 626 coelestium,
512 547 704 632 dignumque
721 547 820 611 efficit
832 546 886 629 qui
901 546 934 610 in
947 547 1137 610 consortium

233 633 373 697 iveniat.

158 707 170 722 ”
218 715 263 780 'Si
277 717 317 780 ad
331 717 408 780 alias
428 715 556 778 virtutes
580 716 674 778 animi
696 715 854 778 literarum
885 714 938 776 lux
960 715 1138 790 accesserit,

184 811 250 863 tum
264 803 389 864 demum
413 810 661 863 consummatum
682 799 838 880 quiddam,
853 807 886 859 et
907 798 1080 878 perlectum
1094 798 1140 860 vi-

184 885 302 960 demus,
317 885 341 946 si
357 885 389 946 in
403 883 496 946 rebus
510 883 650 944 humanis
665 893 848 964 potestesse
863 881 1025 976 perfectio.

227 967 319 1030 Aude
340 967 460 1033 virtutis
482 966 715 1048 amplitudinem
742 965 829 1046 quasi
861 984 893 1025 m
925 963 1023 1026 alteri
1050 964 1138 1026 librae

185 1049 276 1114 lance
290 1071 426 1136 ponere:
447 1060 560 1113 terram
573 1071 612 1112 ea
626 1049 698 1112 lanx
712 1059 745 1112 et
758 1048 855 1111 maria
869 1047 1033 1130 deprimet.

557 1203 770 1260 VOLUPTAS.

227 1307 313 1373 Fluit
332 1309 483 1391 voluptas,
497 1307 671 1392 saepiitsque
685 1307 832 1390 relinquit
842 1327 954 1370 causas
967 1305 1140 1392 poenitendi

186 1394 279 1476 quarn
293 1392 486 1456 recordandi.

228 1475 327 1539 Nullo
339 1474 503 1557 capitalior
523 1474 619 1560 pestis
643 1474 736 1558 quim
756 1473 899 1557 voluptas
922 1472 1099 1538 hominibus
1120 1493 1142 1536 a

185 1559 297 1624 uatunl
309 1559 383 1622 data
396 1569 454 1622 est.

230 1643 321 1707 Pluto
333 1643 525 1726 voluptatem
538 1662 643 1706 escum
656 1641 807 1705 malorum
820 1641 967 1724 appellat

230 1727 382 1810 Voluptas
396 1738 471 1804 tum,
485 1727 557 1790 cinn
570 1726 701 1789 maxime
716 1725 863 1802 delectat,
877 1723 1078 1808 extinguitur.

230 1810 413 1893 Voluptates
426 1809 673 1891 contemplemur
686 1829 749 1872 non
763 1809 931 1884 venientes,
945 1809 1001 1871 sed
1023 1808 1142 1871 abeun-

188 1904 256 1957 tes:
277 1893 436 1954 venientes
460 1892 545 1954 enim
569 1891 674 1954 fucati
695 1891 801 1975 speeie
825 1891 1044 1972 blandiuntur5
1066 1892 1141 1956 abe·

188 1987 280 2040 untes
293 1974 432 2037 dolorem
446 1973 635 2055 relinquunt.

197 2081 199 2086 ·
230 2056 354 2122 Attalus
376 2057 502 2121 Stoicus
522 2057 628 2120 dicere
650 2057 782 2138 solebat,
804 2057 895 2124 Molo
913 2082 957 2124 me
969 2057 1096 2146 fortuna
1108 2058 1142 2124 io

187 2140 287 2206 contris
300 2139 368 2218 ntis,
383 2141 470 2228 qudm
482 2140 515 2206 ia
528 2139 638 2205 delicio
651 2141 764 2207 dolcat.

230 2309 337 2376 Nemo
351 2307 450 2394 ipsam
462 2307 664 2393 voluptatem,
678 2311 753 2394 quia
772 2310 915 2396 voluptas
933 2313 982 2390 sit,
997 2331 1143 2397 aspema·

189 2403 249 2472 tur,
263 2405 317 2459 aut
330 2395 406 2473 odit,
421 2404 476 2458 aut
489 2394 590 2478 fugit3
610 2395 667 2459 sed
690 2395 764 2478 quia
785 2407 1015 2478 consequuntur
1036 2396 1144 2480 magni

189 2478 312 2542 dolores
323 2500 387 2556 eos,
398 2478 451 2561 qui
465 2499 539 2542 curn
552 2478 671 2542 ratione
681 2479 872 2576 voluptatem
886 2481 974 2562 sequi
987 2480 1142 2544 nesciunt.

233 2560 417 2642 Voluptates
453 2561 660 2643 agricolarum
693 2563 769 2628 mih1
801 2564 842 2626 ad
876 2564 1023 2647 sapientis
1050 2564 1145 2628 vitam

191 2642 328 2722 proxime
344 2643 496 2704 accedere
510 2644 663 2705 videntur.

233 2722 330 2814 Siqua
343 2733 469 2814 propter
490 2724 680 2804 voluptatem
703 2726 845 2804 nequiter
869 2728 1015 2805 feceritis,
1036 2731 1146 2812 volup-

190 2814 238 2866 tas
251 2802 314 2864 crtd
323 2802 438 2878 abibit,
452 2804 591 2882 nequitia
605 2805 676 2866 vero
691 2807 775 2886 apud
789 2827 843 2868 vos
857 2829 979 2888 semper
992 2813 1144 2875 manebit.

193 2970 200 2983 ἱ
234 2884 418 3033 νῖἒιρῑαὶθε
432 2886 505 2950 istas
529 2897 660 2964 sectere,
675 2908 745 2968 quae
764 2909 836 2952 oum
858 2890 958 2975 gloria
979 2902 1051 2955 sunt
1068 2914 1146 2957 con·

187 2990 264 3055 Junc
310 3015 318 3032 .

591 3111 744 3169 PATRIA.

234 3221 338 3286 Patria
360 3221 438 3285 nihil
462 3223 594 3301 dulcius,
609 3225 685 3286 nihil
700 3227 802 3290 carius
824 3229 857 3292 in
871 3229 934 3293 vitis
946 3250 1015 3294 esse
1028 3229 1146 3297 debet:

193 3307 296 3370 nullus
310 3307 398 3369 locus
412 3317 460 3369 est
473 3307 644 3370 domestic&
658 3309 732 3372 sede
744 3311 921 3394 jucundior.

177 3473 180 3481 Ι
235 3391 307 3454 Cari
335 3401 406 3453 sunt
433 3390 532 3467 liberi,
555 3392 729 3474 propinqui,
752 3394 937 3460 familiares:
961 3398 1017 3461 sed
1039 3419 1147 3461 omnes

195 3474 334 3536 omnium
347 3474 492 3538 caritates
506 3475 606 3557 patria
619 3477 848 3559 complectitur.

238 3555 354 3618 Nullus
373 3568 421 3620 est
441 3580 533 3622 casus
555 3580 612 3644 pro
633 3561 785 3646 dignitate
807 3574 840 3628 et
862 3563 1006 3631 libertate
1038 3564 1147 3650 patriae

195 3655 258 3699 non
272 3636 427 3703 ferendus.
