2590 4194
629 305 698 376 106

225 485 310 550 Deus
333 495 382 550 est
405 505 493 548 mens
514 483 715 564 immortalir3
747 484 870 566 spiritus
891 493 1008 548 cuneta
1029 476 1151 568 parva?

182 568 284 651 deus3
305 568 435 654 pervigil
450 567 579 648 oculus3
600 589 710 630 manus
724 568 929 650 omnipotens.

153 784 155 788 ¹
223 756 261 820 ln
275 756 391 839 pietate
406 755 565 838 praecipua
580 685 822 836 griiilieitatis
836 755 894 816 sita
908 764 965 818 est.

224 839 343 904 Primus
367 851 416 902 est
437 839 497 902 Dei
522 839 634 913 cultus,
648 838 750 900 Deum
775 839 912 900 credere.
957 836 1091 899 Munera
1105 847 1139 899 et

181 923 315 986 victimae
339 923 417 986 nihil
435 923 559 986 honoris
585 922 654 984 Deo
677 921 861 1000 eonferum3
881 922 980 985 honor
1001 941 1138 982 summus
1231 937 1236 944 ·

181 1005 252 1070 Deo
265 1016 323 1087 est,
337 1008 417 1070 seire
432 1027 504 1070 emn
518 1017 550 1068 et
564 1005 687 1067 imitari.

224 1091 352 1172 Optime
367 1091 470 1154 Deum
488 1090 629 1164 honorat,
644 1088 697 1168 qui
720 1098 858 1151 mentem
878 1109 975 1165 suam,
990 1098 1138 1169 quantum

183 1173 249 1236 fieri
264 1184 377 1256 potest,
392 1174 522 1237 similem
537 1174 606 1236 Deo
620 1171 706 1234 facit.

224 1258 298 1321 Non
313 1259 452 1340 linguam
475 1258 529 1320 sed
550 1275 645 1337 opera
670 1255 756 1318 Deus
779 1257 936 1339 praecipue
959 1264 1069 1334 curat3
1089 1275 1138 1316 sa-

181 1341 281 1424 piens,
295 1341 391 1402 etiam
406 1342 477 1402 cirm
491 1349 584 1415 tacet,
599 1339 702 1400 Deum
716 1338 856 1402 honorat.

199 1489 201 1494 ,
223 1425 380 1500 Socrates,
394 1424 536 1486 humanae
562 1422 723 1504 sapientiae
748 1423 835 1505 quasi
858 1423 1013 1506 quoddam
1028 1432 1138 1485 terres·

180 1517 227 1572 tre
242 1507 424 1586 oraculum3

222 1589 315 1655 Natu
339 1591 418 1654 ultra
436 1591 592 1676 petendum
605 1612 625 1652 a
646 1589 703 1653 dtis
726 1589 940 1667 immortalibus,
965 1589 1137 1652 arbitraba-

180 1685 240 1752 tur,
254 1675 341 1760 quum
354 1685 386 1738 at
399 1674 475 1738 bonu
489 1675 661 1738 tribuerent:
683 1674 754 1759 quia
773 1675 798 1738 ii
819 1676 930 1738 demunt
943 1673 1046 1736 seirent
1059 1673 1139 1758 quod

179 1759 334 1842 unaeuique
358 1769 425 1820 esset
448 1759 517 1821 atala
526 1782 540 1835 ,·
565 1781 617 1821 nos
639 1769 731 1820 autem
774 1759 917 1844 laremque
938 1758 971 1820 id
994 1757 1067 1820 votis
1088 1779 1137 1818 ex-

175 1851 282 1925 petere,
297 1841 377 1925 quod
389 1863 448 1903 non
461 1841 613 1924 impetrare
627 1781 821 1925 mlimsirat.

540 1941 777 2008 PAUPERTAS.
943 2016 944 2019 Ἴ

220 2020 288 2089 Qui
310 2041 383 2084 cum
405 2031 588 2102 paupertate
611 2023 692 2084 bene
714 2023 861 2087 convenit
882 2025 969 2089 dives
983 2035 1051 2088 est:
1072 2045 1136 2095 non

177 2103 230 2186 qui
245 2123 354 2184 parum
368 2103 473 2180 habet,
488 2105 543 2166 sed
558 2105 610 2186 qui
626 2105 694 2187 plus
708 2107 804 2188 cupit,
819 2128 938 2190 pauper
951 2118 1009 2172 est.

219 2185 391 2269 Paupertas
405 2187 502 2268 prima
516 2187 616 2251 fronte
640 2189 740 2271 rigida
754 2200 802 2253 est
823 2211 861 2253 ae
885 2192 1048 2270 subtriste,
1063 2192 1135 2256 cum

175 2269 302 2332 domum
317 2281 454 2334 nostram
468 2271 607 2351 invadit3
629 2282 661 2334 at
682 2274 752 2336 cirm
777 2274 808 2337 in
824 2275 1064 2340 familiaritatem
1081 2276 1135 2339 ad-

174 2351 269 2495 lrpissa
283 2353 386 2452 lirerit,
400 2366 433 2418 et
445 2355 570 2418 minime
586 2366 775 2437 sumptuosa,
790 2371 823 2421 et
843 2381 962 2438 secura,
977 2371 1010 2424 et
1034 2360 1135 2423 facilis

197 2455 287 2514 ospes
302 2449 372 2501 ent.
649 2469 651 2473 ’
1044 2447 1047 2454 ’

216 2515 304 2578 Nihil
330 2521 452 2613 amittit,
477 2520 529 2600 qui
551 2521 628 2584 nihil
650 2521 767 2603 habet;
788 2534 821 2586 et
843 2545 952 2606 parum
974 2535 1058 2610 eget,
1080 2527 1133 2610 qui

173 2615 282 2675 parurn
297 2611 397 2678 cuprt.

171 2755 195 2819 fi
214 2675 297 2737 Ama
309 2681 410 2762 magis
421 2682 534 2762 justam
548 2693 773 2762 paupertatem,
788 2687 879 2766 quam
903 2689 1032 2771 injustas
1054 2694 1134 2757 divi-

197 2776 241 2819 as.

214 2838 304 2904 Scire
320 2843 366 2906 uti
382 2854 563 2927 paupertate
577 2864 692 2926 magna
706 2857 754 2909 est
768 2847 911 2912 felicitas.

121 2982 124 2990 ,
213 2923 372 3004 Socrates,
387 2929 419 2991 in
433 2927 546 3012 pompa
560 2929 631 2990 cum
655 2950 770 3014 magna
792 2932 837 2994 vis
861 2935 927 2998 auri
943 2938 1130 3022 argentique

73 3009 89 3064 ἰ
170 3007 444 3095 ferretu13Qnam
457 3009 546 3074 multu
560 3034 618 3074 non
632 3013 771 3092 desidero,
787 3016 897 3098 inquit.
983 3090 985 3096 s

213 3141 247 3206 Si
262 3143 340 3206 nihil
356 3147 442 3212 aliud
466 3169 573 3210 secum
588 3149 713 3214 afferret
737 3166 912 3236 paupertas
927 3161 1021 3240 qualm
1046 3165 1131 3244 quiid

169 3227 314 3320 fictarum
329 3231 500 3294 amicorum
521 3242 554 3294 et
577 3231 737 3298 fallacium
761 3239 910 3321 gregibus
935 3245 1131 3312 adulantium

95 3351 98 3356 -
168 3317 200 3369 te
215 3306 338 3388 liberat,
363 3315 486 3377 abunde
509 3325 592 3377 esset
613 3336 719 3395 causa,
741 3331 776 3382 ut
800 3343 862 3385 non
884 3329 977 3390 modi)
1000 3330 1131 3394 ferenda

168 3399 259 3464 esset,
274 3395 331 3456 sed
346 3399 493 3478 optanda,
508 3397 569 3458 imo
583 3399 678 3463 etiam
693 3408 885 3485 accersenda
899 3415 1074 3492 pauperies

210 3467 254 3529 Ut
261 3472 439 3561 'honoribus
452 3480 608 3544 hominum
632 3505 735 3548 mores
756 3509 820 3549 non
844 3493 911 3554 rarl)
926 3514 1130 3579 corrumpun-

168 3551 237 3622 tur,
259 3560 304 3613 lta
318 3574 504 3642 paupertate
519 3584 602 3646 saepe
617 3569 831 3634 emendantur.
