2590 4194
638 346 687 452 ao

232 527 319 592 Nihil
341 538 430 610 turpe
458 527 504 591 vir
533 526 634 589 bonus
664 525 768 603 faciet,
790 525 910 589 etiamsi
932 544 1040 589 omnes
1067 523 1144 588 deos

188 609 391 694 hominesque
406 611 509 674 celare
524 610 631 692 possit.

231 695 394 777 Praecipua
408 694 545 778 dignitas
563 703 620 769 est,
634 713 698 756 non
720 691 807 774 fungi
831 691 1010 769 honoribus,
1024 692 1079 756 sed
1101 693 1142 756 ab

188 776 258 842 aliis
272 779 402 862 dignum
415 778 532 840 honore
544 776 688 860 judicari.

230 861 297 930 Qui
321 861 465 924 virtutem
488 861 605 923 honore
629 881 686 921 suo
708 858 839 936 fraudat,
854 859 953 941 ipsam
968 858 1110 922 virtutem
1123 881 1143 922 a

185 945 347 1030 juventute
362 944 472 1006 aufert.

231 1063 305 1127 Non
319 1073 367 1127 est
380 1063 520 1147 dignum,
534 1072 570 1126 ut
591 1061 663 1125 inde
687 1060 794 1144 exigas
816 1059 975 1138 honorem,
989 1062 1072 1124 unde
1095 1083 1142 1124 re-

246 1147 270 1210 is
290 1147 439 1210 laborem.

188 1145 306 1294 fulion
319 1231 513 1313 voluptattun
527 1229 577 1292 visi
590 1229 645 1292 sed
659 1227 777 1290 virtutis
792 1227 832 1290 ad
845 1227 970 1291 honoris
985 1227 1142 1311 fastigium

189 1315 261 1377 itur.

231 1397 358 1459 Marcus
384 1396 465 1458 Cato
488 1395 638 1478 populum
659 1395 835 1458 Romanurn
856 1394 1005 1458 monebat
1028 1405 1063 1458 ut
1087 1395 1142 1458 ho-

186 1499 295 1544 norem
321 1479 517 1562 magistratus
545 1479 593 1540 his
614 1479 739 1542 demum
760 1477 998 1556 committerent,
1026 1479 1079 1560 qui
1101 1479 1141 1544 de

186 1583 222 1628 se
232 1563 352 1626 virtutis
366 1561 525 1645 specimen
539 1561 706 1624 dedissent.

230 1646 423 1710 ARomanir
447 1645 582 1709 Honoris
606 1644 724 1726 templo
746 1645 875 1708 Virtutis
899 1645 1049 1726 templum
1075 1657 1142 1708 erat

186 1730 400 1814 conjunctum,
415 1729 447 1791 in
461 1730 546 1811 quod
559 1729 618 1792 nisi
642 1749 699 1812 per
719 1728 839 1792 virtutis
853 1729 1004 1811 templum
1017 1729 1141 1796 introire

186 1813 305 1880 nemidi
321 1813 440 1878 liceret.

571 1911 755 1968 JUSTI'I'IA.

228 1999 354 2064 Justitis
367 2009 415 2063 est
429 2009 574 2062 constans
598 2009 632 2063 et
656 2009 806 2083 perpetua
831 1999 925 2063 animi
948 2001 1141 2085 propensitas

180 2085 235 2172 jus
249 2104 338 2147 suurn
351 2082 521 2164 unicuique
535 2083 702 2146 tribuendi.

229 2167 316 2232 Nihil
330 2177 379 2230 est
391 2166 556 2229 honestum
570 2167 654 2247 quod
675 2167 794 2250 justitiis
816 2177 928 2248 vacat3
949 2188 1009 2231 nec
1023 2167 1089 2232 sine
1103 2169 1142 2231 esi

186 2262 290 2335 potest
303 2250 421 2332 aliquid
434 2271 502 2313 esse
518 2249 684 2313 laudabile.

228 2334 361 2398 lustitia.
389 2333 536 2398 convenit
563 2355 653 2396 suum
681 2334 795 2418 cuique
817 2334 956 2412 reddere,
984 2335 1141 2398 beneficio

184 2419 329 2504 gratiam,
344 2418 463 2502 injuriae
478 2417 637 2481 talionem.
846 2494 851 2502 η

229 2503 329 2567 Ponat
343 2522 505 2584 personam
521 2502 613 2565 amici
628 2502 677 2565 vel
691 2502 819 2580 inimici,
830 2503 883 2585 qui
895 2501 1010 2588 judicis
1024 2501 1140 2564 induit:

183 2605 308 2666 semper
317 2586 401 2649 enim
416 2585 540 2665 iniquus
552 2597 602 2649 est
613 2586 709 2669 judex
723 2586 775 2666 qui
790 2598 844 2649 aut
855 2587 972 2650 invidet
982 2596 1036 2648 aut
1047 2585 1139 2648 favet.

206 2667 297 2812 ffiQui
321 2667 452 2749 adipisci
476 2689 580 2732 veram
601 2669 731 2753 gloriam
746 2670 821 2746 vult,
842 2670 969 2754 justitiae
994 2668 1140 2752 fungatur

182 2770 206 2812 o
240 2770 307 2812 cus.
699 2801 701 2806 .

227 2832 365 2901 Qualem
386 2832 431 2896 vis
452 2854 520 2898 esse
543 2834 714 2918 proximum
736 2845 822 2898 tuum
842 2833 909 2909 tibi,
931 2831 1002 2894 talis
1016 2841 1085 2894 esto
1106 2843 1140 2896 et

185 2925 221 2979 tu
235 2916 296 2980 tuis
310 2917 465 3000 proximis.

225 3001 326 3072 Quod
340 3001 405 3084 pati
418 3023 482 3068 non
495 3002 541 3065 vis
555 3002 596 3064 ab
611 2999 683 3077 alio,
697 3021 798 3082 neque
814 2999 845 3063 id
860 2997 967 3062 facias.

563 3109 761 3164 Ltuutt'rst.
883 3097 886 3102 ⁵

228 3191 334 3259 Nemo
348 3193 427 3258 liber
440 3206 497 3273 est,
511 3197 569 3258 nisi
584 3198 637 3278 qui
651 3197 709 3260 sibi
726 3197 867 3278 imperat.

227 3277 323 3343 Liber
335 3287 384 3342 est
397 3278 450 3358 qui
472 3279 575 3360 seipso
597 3291 646 3344 est
669 3291 845 3358 contentus,
859 3289 893 3344 et
909 3300 949 3344 ex
962 3299 997 3344 se
1011 3281 1138 3363 pendet,

181 3383 248 3428 non
262 3382 301 3425 ex
315 3359 440 3425 alterius
453 3361 581 3426 arbitrio
594 3375 628 3427 et
641 3363 781 3446 imperio.

227 3445 325 3511 Nulla
338 3446 479 3528 voluptas
492 3444 564 3508 viris
578 3447 720 3530 ingenuis
740 3458 789 3511 est
802 3448 946 3514 libertate
961 3448 1094 3512 suavior.

227 3529 323 3594 Liber
345 3541 394 3594 est
415 3529 615 3594 estimandus
642 3531 695 3612 qui
721 3532 799 3596 nulli
821 3532 1003 3616 turpitudini
1024 3531 1119 3596 servit

182 3629 278 3692 quem
292 3613 445 3694 superbus
459 3633 522 3676 non
535 3614 623 3678 inflat
637 3615 768 3680 animus.
