2570 4180
592 297 636 370 31

182 481 377 546 Abrahamus
398 499 461 544 nou
483 477 636 542 dubitavit
658 497 767 563 parere
792 448 1014 562 Declubenti:
1037 473 1080 540 im

136 567 243 662 posuit
273 567 361 650 ligna
400 565 520 640 Isaaco‚
551 563 618 646 ipse
645 563 717 627 verb
748 561 894 645 portabat
920 563 1027 647 ignem
1060 569 1095 623 et

136 650 293 801 glagffi
317 731 375 794 iter
396 679 534 794 facerent
556 728 657 806 simul,
678 729 805 793 Isaacus
826 728 904 792 dixit
926 728 1030 811 patri:
1051 726 1094 790 mi

139 826 238 898 pater,
252 836 329 878 ecce
345 815 432 898 ligna
449 825 482 876 et
504 814 606 896 ignis:
627 813 683 888 sed
704 812 832 876 ubinam
853 823 901 875 est
915 813 1017 876 hostia
1037 812 1095 874 im-
1127 835 1155 878 ν

137 897 312 965 uiolanda?
334 899 394 961 Cui
416 897 634 960 Abrahamus:
655 897 751 973 Deus,
772 896 881 978 inquit,
906 895 966 959 sibi
993 895 1094 978 provi·

110 1037 112 1041 .
140 981 230 1046 debit
244 981 388 1058 hostiam,
403 981 515 1043 filimi.

595 1089 644 1146 19.
725 1127 730 1136 ·

183 1184 247 1249 Ubi
262 1196 469 1268 pervenerunt
490 1185 629 1248 ambor'in
648 1186 754 1249 locrun
774 1187 981 1270 designatum,
995 1185 1095 1248 Abra·

140 1267 249 1330 hamus
263 1269 411 1332 exstruxit
424 1291 517 1345 aram,
532 1269 684 1350 disposuit
698 1269 793 1352 ligna,
805 1270 945 1352 alligavit
952 1269 1096 1332 Isaacum
1131 1265 1165 1313 ²5

140 1371 233 1434 super
247 1363 363 1414 struem
377 1351 540 1436 lignorum,
555 1352 669 1415 deinde
687 1354 815 1436 arripuit
828 1352 978 1436 gladium.

182 1435 266 1498 Tum
287 1435 428 1518 Angelus
452 1435 597 1498 clamavit
620 1436 660 1498 de
682 1437 784 1500 coelo:
808 1436 998 1512 Abrahame,
1019 1454 1095 1497 con·

139 1517 206 1581 tine
234 1539 361 1580 manum
387 1530 492 1582 tuam:
520 1540 560 1581 ne
582 1539 699 1582 noceas
721 1541 837 1602 puero:
855 1520 920 1602 jam
942 1519 1018 1581 fides
1040 1527 1096 1580 tua
1114 1517 1159 1593 {-

136 1601 216 1663 mihi
226 1613 391 1682 perspecta
400 1613 458 1678 est,
466 1623 561 1682 quum
571 1623 635 1664 non
650 1603 826 1684 peperceris
837 1603 903 1664 filio
917 1611 971 1664 tuo
985 1591 1095 1664 unico':

136 1683 376 1828 etpgogpvebo
389 1685 447 1746 tibi
462 1707 472 1762 3
495 1685 875 1832 reipunerabpizplendipe
891 1685 985 1830 fidlpm
999 1693 1097 1832 tuperpi

238 1787 381 1829 ramus
415 1787 535 1830 reseru
595 1789 718 1830 evrr
769 1789 898 1832 aneem
948 1787 1032 1832 aeren

136 1849 288 1916 comibus
302 1849 383 1914 inter
397 1788 515 1933 veprlis,
530 1813 624 1932 qiiem
638 1851 807 1939 immolant
821 1853 894 1918 loco
908 1851 975 1916 filii.

182 2035 297 2100 Postea
324 2037 519 2100 Abrahamus
547 2037 631 2100 misit
660 2059 781 2102 servum
808 2059 898 2103 snum
923 2037 1096 2102 Elieaerem

140 2121 181 2184 ad
199 2131 350 2204 cognatos
372 2143 443 2184 suos
465 2121 624 2202 quierant
647 2122 680 2185 in
700 2123 938 2206 Mesopotamia,
959 2133 995 2186 ut
1022 2122 1096 2185 inde

137 2205 312 2267 adduceret
326 2225 451 2268 uxorem
467 2205 532 2266 filio
553 2225 610 2267 suo
623 2205 743 2266 Isaaco.

184 2286 305 2350 Eliezer
319 2288 449 2369 sumpsit
468 2288 580 2350 decem
598 2287 735 2350 camelos
755 2288 872 2351 domini
893 2289 950 2364 sui,
971 2299 1005 2351 et
1025 2308 1096 2370 pro-

67 2383 100 2455 ᾗ
141 2369 242 2432 fectus
263 2380 320 2446 est,
344 2381 469 2452 portans
498 2391 604 2432 secum
625 2391 754 2433 munera
784 2371 963 2452 magnifica,
984 2371 1096 2450 quibus

62 2452 121 2554 ‘X
136 2453 271 2514 donaret
284 2453 421 2534 puellam
434 2452 619 2514 destinatam
633 2453 743 2538 Isaaco
757 2463 790 2516 et
803 2453 870 2535 ejus
888 2462 1042 2534 parentes.

184 2534 248 2597 Ubi
263 2535 403 2615 pervenit
422 2535 455 2596 in
468 2535 738 2616 Mesopotamiam,
753 2535 892 2598 constitit
906 2555 979 2598 cum
993 2555 1096 2597 came-

139 2617 180 2680 lrs
191 2635 291 2698 prope
306 2627 434 2698 puteum
449 2613 539 2699 aquai
555 2619 594 2680 ad
608 2639 777 2701 vesperam,
792 2641 855 2702 quo
876 2629 1016 2701 tempore
1029 2639 1096 2682 mu·

142 2700 234 2764 lieres
248 2699 391 2769 solebant
406 2701 572 2764 convenire
586 2703 626 2764 ad
640 2701 840 2766 hauriendam
854 2723 977 2786 aquam.

592 2809 645 2866 21.

184 2902 306 2968 Eliezer
341 2906 439 2968 oravit
469 2907 572 2970 Deum
602 2905 650 2967 his
677 2905 803 2967 verbis:
837 2905 982 2984 Domine,
1010 2907 1097 2970 Deus

143 2988 321 3064 abrahami,
336 2989 386 3050 fac
398 2999 433 3050 ut
446 2989 562 3070 puella,
574 3010 645 3068 quae
658 2987 749 3050 dabit
762 2997 871 3068 potum
880 2987 955 3050 mihi
967 2989 1096 3071 petenti,

141 3091 182 3134 ea
195 3071 235 3132 sit
249 3091 343 3150 quam
353 3071 467 3134 'Isaaco
481 3071 629 3133 destinas.

185 3154 271 3220 Ecce
303 3154 407 3217 statim
436 3155 589 3217 Rebecca
619 3153 706 3236 virgo
727 3149 840 3218 eximis
866 3153 1096 3235 pulchritudine

142 3235 267 3316 prodiit,
301 3257 412 3316 gerens
443 3259 552 3300 urnam
585 3237 730 3314 humeris,
763 3257 834 3318 quse
865 3238 1029 3302 descendit
1055 3237 1096 3298 ad
1196 3254 1200 3258 ·

141 3327 281 3404 puteum,
295 3327 328 3380 et
341 3317 480 3398 implevit
493 3341 612 3382 urnam.

184 3399 277 3466 Tunc
292 3399 413 3462 Eliezer
430 3421 608 3484 progressus
629 3404 751 3466 obviam
764 3403 899 3486 puellae:
920 3401 971 3476 da,
985 3397 1095 3480 iuquit,

140 3493 253 3569 potum
264 3481 363 3549 milri:
385 3483 436 3545 cui
457 3485 627 3550 Rebecca:
649 3487 733 3565 bibe,
755 3488 809 3564 ait,
830 3483 956 3549 domiue
977 3482 1020 3548 mi
1031 3505 1042 3565 3
1057 3491 1096 3548 et

102 3581 107 3592 ’
140 3567 237 3636 simul
250 3565 377 3634 demisit
390 3587 508 3634 urnam
