2590 4194
610 317 658 390 95

203 495 309 578 Turpe
324 505 373 564 cst
387 496 471 559 aliud
485 495 581 576 loqui,
595 497 681 560 aliud
705 498 820 560 sentire
833 520 842 575 ;
863 499 947 580 quod
969 499 1118 564 sentimus

162 578 333 660 loquamur,
348 582 432 662 quod
446 580 601 662 loquimur
615 581 803 644 sentiamus:
825 584 996 646 concordet
1017 605 1118 648 sermo

161 684 235 724 cum
249 664 321 726 vita.

206 746 279 808 Non
294 758 378 810 amat
398 748 509 810 veritas
524 748 675 830 angulos;
696 749 728 810 in
741 751 846 814 medio
860 760 939 812 stat:
961 749 1037 812 licet
1050 749 1119 812 nul-

162 830 227 892 lum
242 841 404 912 patronum
419 842 473 894 aut
493 831 689 895 defensorem
710 833 860 912 obtineat,
883 845 987 896 tamen
1007 854 1063 915 per
1084 854 1118 896 se

163 914 232 996 ipsa
242 915 429 978 defenditur.

205 998 280 1060 Non
308 999 406 1061 soldm
427 998 565 1080 proditor
594 1009 642 1062 est
662 1001 808 1077 veritatis„
838 1001 890 1082 qui
919 999 1118 1062 mendacium

162 1101 219 1162 pro
246 1082 375 1144 veritate
408 1082 553 1162 loquitur,
584 1084 640 1145 sed
671 1084 723 1164 qui
751 1105 814 1145 non
838 1085 934 1146 libere
956 1085 1118 1145 veritatem

161 1165 341 1243 pronuntiat
362 1187 456 1245 quam
477 1167 674 1246 pronuntiare
696 1177 819 1248 oportet
830 1191 840 1246 ;
862 1178 999 1230 autnon
1020 1167 1117 1229 liberie

160 1246 300 1309 defendit
314 1247 490 1310 libertatem
505 1271 596 1330 quam
611 1249 779 1312 defendere
794 1261 926 1332 oportet.

532 1355 742 1410 AFFECTUS.

203 1441 346 1504 Affectus
360 1442 486 1523 quidem
501 1453 565 1504 tam
578 1443 652 1504 mali
670 1443 800 1505 ministri
815 1465 909 1524 quam
922 1446 1019 1508 duces
1034 1457 1116 1510 sunt.

203 1525 311 1587 Facile
332 1537 381 1588 est
405 1527 535 1588 affectus
556 1537 686 1601 nostros,
709 1546 805 1605 quum
823 1527 954 1608 primum
968 1530 1117 1606 oriuntur,

160 1613 328 1670 coercere:
359 1610 501 1671 morbum
523 1611 613 1691 signa
634 1619 848 1690 praecurrunt:
879 1611 1007 1690 prodest
1036 1633 1118 1678 mor-

161 1691 238 1754 bum
252 1713 341 1754 suum
362 1692 463 1774 ndsse,¹
485 1703 518 1755 et
539 1693 618 1755 vires
640 1691 717 1774 ejus,
749 1692 915 1772 antequam
936 1693 1117 1774 spatientur,

160 1775 346 1855 opprimere.

203 1859 375 1938 Cupiditati
390 1859 466 1922 nihil
481 1861 555 1923 satis
577 1869 645 1938 est;
666 1869 785 1922 naturae
802 1859 876 1922 satis
890 1871 939 1923 est
952 1861 1047 1924 etiem
1062 1882 1117 1944 pa·

160 1962 245 2002 rum:
266 1963 450 2005 necessanae
473 1944 646 2027 cupidines,
668 1965 728 2006 nec
751 1943 846 2025 operd
862 1944 970 2021 multe,
984 1967 1044 2008 nec
1060 1945 1117 2009 im·

160 2025 256 2106 pensa
270 2025 445 2106 implentur.

202 2108 394 2192 Pythagoras
409 2111 656 2192 perturbationes
670 2111 765 2173 animi
780 2111 845 2194 lyrd
859 2113 1079 2194 componebat.

564 2214 705 2267 METUS.

202 2293 275 2356 Plus
290 2295 322 2357 in
344 2297 512 2359 metuendo
536 2305 584 2357 est
604 2295 688 2370 mali,
713 2296 805 2375 quam
827 2295 859 2356 in
881 2315 920 2359 eo
942 2295 1010 2376 ipso
1031 2298 1116 2378 quod

161 2377 295 2440 timetur.

202 2462 311 2523 Timor
329 2462 487 2524 modestus
511 2461 698 2537 cautionem,
721 2461 888 2524 vehemens
909 2461 982 2523 verb
1005 2461 1116 2543 despe-

159 2545 312 2606 rationem
328 2545 417 2625 parit.
1111 2569 1116 2574 ·

197 2629 322 2710 Magna
343 2638 391 2689 est
412 2627 550 2704 stultitia,
573 2628 605 2690 id
620 2629 721 2710 ipsum
742 2629 826 2710 quod
847 2629 981 2692 verearis
1002 2629 1047 2691 ita
1062 2651 1116 2692 ca-

158 2733 240 2786 vere,
271 2721 305 2773 ut
336 2712 406 2773 edm
427 2711 523 2774 vitare
546 2712 673 2774 fortasse
695 2714 841 2795 potueris,
864 2712 945 2775 ultro
974 2733 1115 2777 accersas

158 2805 191 2856 et
205 2795 349 2856 attrahas.
755 2793 758 2800 ’

202 2879 309 2960 Auget
339 2878 398 2940 sibi
430 2877 603 2940 molestiam
632 2879 685 2959 qui
715 2880 804 2942 timet
835 2877 919 2961 quod
939 2879 1029 2940 vitari
1050 2901 1114 2942 non

181 2972 273 3024 otest.
1284 3019 1285 3026 ,

159 2981 180 3044 p
201 3044 407 3106 Miserrimum
429 3053 476 3106 est
497 3065 721 3106 consenescere
735 3055 821 3107 metu
841 3043 916 3106 mali
938 3044 1023 3124 quod
1036 3066 1115 3109 non·
1221 3111 1226 3116 ,

140 3130 232 3190 ¹dum
246 3129 340 3190 venit.
413 3125 417 3130 ’

200 3211 266 3280 oui
291 3211 417 3273 insidias
438 3211 527 3274 timet
549 3211 616 3273 rard
638 3211 887 3276 circumvenitur.
933 3213 1026 3295 Saepe
1047 3235 1114 3276 me·
1138 3223 1141 3228 '

157 3296 273 3358 tuendo
288 3296 410 3377 sapiens
424 3295 540 3357 malum
554 3295 640 3356 vitat.
1052 3297 1055 3302 ’

573 3411 700 3466 ULTIO.

200 3495 303 3559 Multo
317 3495 422 3572 satius,
446 3495 608 3576 multoque
631 3495 792 3559 fonnosius
817 3492 958 3557 oblivisci
981 3494 1112 3579 injuriae.

158 3581 249 3663 quam
278 3579 413 3643 ulcisci:
448 3581 627 3664 generosior
664 3590 713 3644 est
746 3577 833 3641 nulla
869 3576 984 3644 oblivio
1020 3581 1073 3664 qus*
