2570 4180
632 383 679 458 68

219 565 278 630 Cui
304 585 380 650 aper
401 567 569 650 respondit,
594 567 652 630 ribi
674 565 847 648 periculum
869 565 894 628 si
917 564 993 630 sorte
1015 563 1138 628 adeun·

177 649 252 714 dum
272 651 322 728 sit,
336 671 399 714 non
412 651 510 714 otium
525 662 591 714 tum
604 650 739 712 futurum
761 651 801 712 ad
823 649 982 712 acuendos
1001 648 1111 711 dentes
1126 668 1136 708 ε

176 753 255 818 ergo
278 755 312 797 se
336 736 431 811 recte,
456 735 531 796 dum
554 734 746 798 concedatur
766 743 898 816 tempus,
922 733 963 796 ad
987 742 1135 796 eventum

177 835 292 900 pugnae
307 837 492 900 preparare.

640 937 670 992 5.

608 1033 702 1089 NUX.

221 1119 303 1197 Nux,
330 1120 502 1184 secundum
524 1121 605 1184 viam
627 1132 703 1198 sata,
726 1121 890 1204 plurimum
912 1121 1031 1185 screbat
1053 1121 1134 1184 fruc·

179 1203 249 1267 tris:
269 1205 340 1267 cdm
355 1215 459 1267 autem
473 1225 493 1266 a
549 1203 624 1285 pulo
637 1216 842 1286 praetereunte
859 1206 938 1268 saxis
954 1215 987 1268 ct
1001 1204 1134 1268 mnibus

179 1286 388 1382 impeteretur,
403 1299 437 1349 ut
452 1288 509 1370 jug
522 1288 618 1349 andes
632 1287 814 1350 decidentes
828 1299 1008 1370 carperent;
1021 1288 1075 1350 Me
1086 1288 1135 1349 in-

179 1368 314 1445 sclrcem,
328 1369 535 1445 exclamabat,
550 1371 602 1432 cui
624 1371 740 1452 gratias
762 1381 827 1433 ta'm
847 1373 977 1435 acerbas
998 1370 1133 1435 referunt

178 1451 221 1513 cb
236 1451 353 1515 fructus
364 1453 520 1536 jucundos
534 1474 611 1534 quos
626 1474 665 1516 ex
678 1474 728 1517 me
743 1453 930 1537 percipiunt.

450 1687 594 1743 ASINUS
625 1591 678 1742 du·
708 1688 870 1744 CICADAE.

223 1787 346 1865 Asinus,
361 1791 432 1851 cbm
446 1788 573 1850 cicadas
595 1798 744 1850 canentes
763 1787 938 1864 audivisset,
952 1797 985 1851 et
998 1808 1133 1850 concen-

181 1871 229 1932 tds
243 1872 425 1934 suavitatem
438 1871 566 1933 miratus
580 1881 672 1945 esset,
684 1871 896 1953 interrogabat
908 1892 972 1948 eas,
980 1870 1057 1940 Quo
1070 1871 1134 1933 vic-

180 1961 214 2014 tu
235 1962 403 2029 uterentur,
417 1962 452 2014 ut
464 1973 575 2016 vocem
596 1953 674 2014 aded
696 1951 822 2016 dulcem
843 1954 1022 2036 claramque
1044 1954 1134 2018 emit-

180 2043 291 2096 terent.
348 2034 489 2115 Cumque
525 2036 588 2097 illae
620 2037 853 2117 responderent,
875 2059 908 2101 se
933 2059 1001 2102 rore
1028 2037 1112 2102 vesci
1124 2060 1134 2118 ;

180 2115 293 2192 asinus,
307 2115 382 2179 dum
396 2118 528 2196 aberrat,
542 2128 713 2200 expecth
727 2140 828 2183 rorem
853 2121 906 2203 qui
930 2121 1076 2185 noctibus
1090 2122 1134 2199 fit,

180 2197 262 2262 fame
276 2198 402 2264 interiit.

644 2327 674 2383 7.

397 2439 553 2495 CANCER
585 2440 635 2495 ΕΤ
665 2440 802 2496 MATER
829 2441 927 2497 EIUS.

223 2537 338 2600 Cancri
359 2549 458 2601 mater
478 2539 606 2620 parvulo
629 2560 686 2602 suo
715 2540 865 2618 dicebat;
899 2538 946 2602 Mi
974 2548 1058 2617 nate,
1080 2559 1137 2604 cur

181 2618 325 2697 obliquos
339 2619 497 2699 intorques
517 2642 651 2702 gressus,
673 2625 745 2685 cdm
760 2624 846 2686 recta
858 2623 1005 2685 incedere
1019 2622 1136 2686 debes?

182 2699 320 2772 Faciam,
342 2699 443 2778 inquit
465 2701 530 2775 ille,
552 2723 623 2764 mea
641 2715 750 2777 mater,
764 2705 789 2763 si
812 2715 843 2765 te
865 2704 947 2764 idern
970 2703 1137 2767 facientem

182 2779 265 2862 priris
294 2779 409 2841 videro.
468 2781 527 2841 Illa
548 2793 653 2844 autem
684 2784 793 2846 frustra
825 2784 857 2844 id
891 2793 1037 2858 conante,
1069 2787 1137 2866 ejus

182 2860 349 2925 amentiam
363 2860 571 2946 redarguebat
586 2863 677 2927 filius.

591 3061 592 3064 ,
648 3007 678 3066 8.

463 3121 580 3176 CANIS
609 3121 652 3176 IN
682 3121 864 3176 PRAESEPI.

226 3222 385 3289 Frendens
400 3224 487 3287 canis
500 3226 655 3303 dentibus,
670 3237 703 3291 et
723 3225 869 3290 allatrans
893 3226 925 3290 in
949 3227 1081 3310 praesepi
1092 3228 1140 3312 ja·

185 3309 289 3385 cebet,
304 3327 324 3371 a
337 3328 401 3389 quo
421 3308 493 3389 equi
516 3309 710 3372 terrebantur
723 3329 827 3391 neque
842 3309 1085 3374 admittebantur
1099 3311 1139 3374 ad

186 3391 406 3551 pelagiam,
434 3473 566 3544 Quanta
586 3475 655 3553 ista,
679 3476 788 3558 inquit,
810 3476 927 3540 invidia
947 3485 1005 3552 est,
1025 3486 1057 3541 te
1077 3497 1141 3540 non

186 3555 303 3650 pati-ut
315 3578 356 3622 ec
368 3559 444 3624 cibo
467 3579 639 3636 vescamur,
652 3579 746 3641 quem
766 3579 880 3642 capere
901 3580 961 3624 nec
981 3558 1060 3624 velis
1079 3579 1141 3624 nec

187 3655 297 3720 possrs.
