2590 4194
203 348 262 408 tro
327 367 330 374 ·
517 367 634 408 unasur
658 367 850 422 concocunt.

239 511 299 576 Pa.
323 512 384 576 lllic
396 535 443 576 me
454 513 541 576 luxus
551 514 731 590 offendebat,
742 526 772 576 et
784 512 1012 580 concubinarum
1027 511 1164 592 inlarnia3

197 609 261 658 tum
276 595 355 680 qubd
370 597 502 680 plerique
516 597 596 660 istius
610 597 724 680 generis
736 597 826 659 odere
841 597 958 660 litteras.

143 687 154 707 ⁵
239 678 301 742 Eu.
326 680 393 764 Ego
407 693 585 763 conspecto
604 680 673 764 quid
690 692 775 762 agant
800 679 856 756 alii,
872 679 923 742 sed
941 679 1012 764 quid
1034 678 1104 742 mihi
1125 678 1163 741 sit

198 764 363 846 agendum3
385 778 414 826 et
437 763 603 826 melioribus
624 785 673 826 me
696 763 832 847 adjungo,
847 763 871 824 si
886 785 944 825 non
958 783 1079 847 possum
1092 762 1163 824 alios

197 847 331 909 meliores
346 848 480 910 reddere.
851 881 853 886 s

238 928 297 992 Po.
322 929 356 991 In
371 931 425 993 isto
440 951 548 1013 genere
563 929 659 992 vixisti
674 928 836 1013 perpemb?

238 1012 299 1074 Eo.
324 1010 485 1096 Perpenrb,
500 1011 553 1076 nisi
567 1012 647 1096 qubd
660 1013 774 1076 interim
797 1026 919 1096 quatuor
934 1033 1023 1075 anuos
1037 1012 1164 1096 primum

197 1095 244 1178 egi
259 1096 385 1159 Patavii.

240 1179 298 1242 Po.
323 1179 426 1254 Quam
441 1181 577 1242 obrem?

239 1263 301 1326 Eo.
326 1263 391 1326 Hos
406 1285 495 1326 annos
509 1263 550 1325 ita
563 1263 684 1345 partitus
699 1283 764 1324 sum
786 1275 819 1323 ut
841 1263 1047 1344 sesquiannum
1062 1261 1164 1324 darem

196 1347 293 1408 studio
307 1347 469 1422 medicina,
485 1347 627 1428 reliquum
643 1358 759 1427 tempus
774 1345 937 1427 theologia.

238 1429 299 1491 Po.
322 1429 387 1491 Cur
401 1429 453 1491 id?

239 1511 300 1574 Eu.
325 1511 398 1586 Quo
423 1511 526 1574 melius
548 1524 580 1574 et
604 1510 733 1572 arumum
759 1523 789 1572 et
813 1531 920 1592 corpus
944 1531 1045 1572 meum
1059 1509 1165 1572 mode-

198 1617 287 1673 rarer,
311 1617 520 1678 nonuunquam
534 1609 564 1657 et
578 1593 678 1656 amicis
699 1593 892 1656 consulerem.
938 1592 1019 1655 Nam
1041 1605 1073 1654 et
1093 1613 1164 1654 ccu-

199 1681 299 1744 cionor
320 1700 528 1762 nonnunquam
557 1699 610 1762 pro
638 1675 708 1739 met
739 1675 889 1760 sapientia.
949 1675 999 1738 Sic
1024 1675 1164 1738 hactenus

197 1763 266 1828 satis
287 1759 442 1846 tranquille
463 1762 524 1824 vixi
547 1774 700 1824 contentus
725 1760 812 1822 unico
826 1759 999 1836 sacerdotio,
1014 1780 1069 1820 nec
1091 1779 1164 1840 prae·

199 1861 280 1909 terea
295 1847 453 1942 quidquam
476 1845 617 1920 ambiens,
639 1857 823 1908 recusaturus
837 1842 936 1920 etiam,
951 1842 975 1904 si
989 1843 1133 1904 offeratur.

242 1929 302 1990 Po.
326 1928 446 1990 Utinam
460 1927 562 1990 liceret
577 1927 699 2002 discere,
715 1927 785 2008 quid
800 1939 886 2008 agant
900 1925 996 2002 caeteri
1010 1925 1099 1988 nostri
1116 1945 1164 1986 so-

200 2011 291 2086 dales,
307 2011 481 2092 quibuscum
495 2024 557 2072 tum
572 2008 747 2070 familiariter
762 2008 908 2070 viximus?

241 2093 303 2156 Eu.
328 2091 377 2155 De
399 2093 543 2154 nonnullis
557 2112 674 2175 possum
688 2112 919 2154 commemorare
934 2091 1086 2176 quedam3
1107 2091 1161 2152 sed

199 2177 286 2240 video
300 2197 353 2238 nos
367 2197 425 2238 non
447 2176 550 2259 procul
564 2175 666 2237 abesse
689 2196 708 2236 a
727 2173 843 2238 civitate
855 2196 863 2252 ;
885 2197 987 2259 quare,
1001 2175 1025 2237 si
1040 2174 1163 2250 videtur,

199 2261 408 2328 conveniemus
431 2259 460 2322 in
488 2258 567 2322 idem
590 2257 799 2337 diversorium3
827 2258 866 2322 ibi
880 2281 933 2343 per
946 2258 1036 2322 otium
1051 2257 1088 2320 de
1106 2277 1164 2320 ca-

200 2345 269 2409 teris
283 2343 467 2408 conferemus
481 2343 600 2406 affatim.

590 2493 776 2506 ψ

606 2591 691 2650 GOL.
715 2595 764 2649 IX.

532 2705 646 2786 sonus,
669 2733 836 2772 rumonus

243 2833 349 2898 dolas.
372 2833 474 2896 Deum
485 2833 697 2897 immortalem!
715 2834 802 2917 quam
814 2855 933 2916 gravem
945 2837 1056 2898 vultum
1067 2853 1167 2902 noster

202 2919 346 2984 Pltaedrus
361 2931 392 2980 et
406 2917 528 2980 subinde
543 2917 573 2979 in
586 2918 696 2981 coelum
711 2917 848 3002 suspicit!
871 2917 1002 2998 adoriar3
1031 2920 1101 3002 quid
1116 2942 1167 2982 ac·

202 3004 273 3067 cidit
287 3023 369 3066 nova
384 3003 435 3078 rei,
450 3000 595 3064 Phaedre?

245 3085 403 3150 Pbaedras.
428 3084 530 3158 Quam
545 3085 583 3148 ob
598 3106 659 3148 rem
675 3085 752 3148 istud
766 3085 933 3169 interrogas,
948 3085 1028 3148 Aule
1042 3087 1052 3148 l

246 3167 290 3231 A.
314 3167 464 3241 Quoniam
480 3189 497 3230 e
513 3167 641 3232 Phaedro
655 3169 727 3231 mihi
741 3168 846 3231 videris
860 3167 954 3232 sactus
969 3169 1068 3247 Cat03
1090 3181 1169 3232 tanta

204 3253 292 3318 estin
308 3253 388 3314 vultu
403 3251 548 3314 severitas.

247 3337 286 3400 P.
311 3333 381 3398 Non
395 3335 510 3410 mirum,
525 3335 630 3413 amice,
663 3335 752 3398 modb
776 3335 938 3400 consessus·
957 3357 1021 3398 sum
1044 3347 1166 3419 peccata

204 3441 280 3484 mea.

246 3501 290 3566 A
314 3501 383 3584 Phy
394 3504 402 3564 !
412 3501 475 3586 jam
491 3501 592 3564 desino
605 3502 712 3578 mirari,
727 3502 779 3564 sed
795 3503 842 3566 dic
857 3523 910 3585 age
924 3501 1003 3564 bonai
1015 3502 1083 3576 fide,
1097 3523 1169 3566 con·
1276 3539 1277 3544 κ

205 3585 297 3646 sessus
312 3605 344 3645 es
358 3587 476 3647 omma?

247 3665 287 3728 P.
311 3665 510 3750 Omniaque
523 3669 653 3753 :quidem
677 3669 706 3732 in
730 3681 862 3733 mentem
894 3669 1057 3745 veniebant,
1082 3667 1170 3730 unico
1276 3689 1277 3760 ζ

206 3749 347 3810 duntaxat
361 3763 496 3832 excepto.
