2590 4194
623 342 670 410 85

530 602 754 658 HUMILI'I'AS.

185 710 363 807 'Virtutum
384 711 618 776 fundamentum
638 721 686 776 est
707 711 883 792 humilitas3
904 711 965 796 qud
988 710 1118 792 sublatis,

164 805 310 858 virtutum
324 797 527 880 congregatio
541 818 604 859 nou
618 797 677 859 nisi
691 796 779 859 ruina
792 806 850 860 est.

209 878 376 940 Humilitas
390 879 457 942 sola
470 880 510 942 ad
524 880 709 962 dignitatem
722 879 772 942 via
786 890 844 943 est.

208 961 424 1024 Humilitatem
438 983 558 1044 gerere,
572 964 644 1026 cum
665 984 714 1026 res
738 963 842 1026 ardue
865 973 1017 1046 premunt,
1032 964 1119 1028 nulla

166 1055 214 1108 est
236 1045 484 1123 commendatio;
514 1046 593 1114 inter
618 1056 723 1109 autem
747 1067 796 1108 res
819 1047 949 1109 maximis
965 1047 1118 1112 secundos

165 1128 236 1191 vela
255 1127 408 1208 superbiae
423 1128 595 1206 demittere,
610 1150 761 1192 summam
774 1139 908 1192 meretur
923 1129 1057 1193 laudem.

164 1293 184 1355 h
209 1211 333 1354 Silquid
354 1210 474 1293 insigne
495 1212 615 1296 erigere
637 1213 723 1289 velis,
739 1212 974 1276 fundamentum
998 1213 1065 1297 ejus
1079 1213 1119 1277 sit

186 1314 249 1355 umr
263 1305 332 1355 itas.

206 1376 279 1439 Plus
292 1387 340 1439 est
350 1377 486 1440 animum
500 1379 679 1461 deposuisse
695 1379 787 1460 quim
801 1377 941 1458 cultum3
961 1377 1117 1442 difficilius

164 1460 348 1544 arrogantii,
363 1462 456 1542 quim
469 1481 546 1525 auro
560 1483 711 1539 caremus,
726 1473 780 1526 aut
793 1461 934 1546 gemmis.

522 1628 764 1682 ASSIDUITAS.

207 1757 331 1822 Crebris
352 1757 467 1821 ictibus
489 1755 633 1840 dejicitur
656 1755 813 1837 quercus}
834 1777 894 1820 uec
916 1765 964 1820 est
984 1755 1049 1821 ulla
1069 1777 1119 1821 res

165 1850 238 1904 actu
253 1852 316 1904 tam
330 1841 435 1917 ardua,
449 1861 543 1921 quam
557 1861 620 1902 non
635 1840 759 1902 assidua
773 1839 923 1902 industria
937 1839 1063 1904 efficiat.

207 1925 397 1987 Eruditionis
411 1925 531 1986 radices
546 1935 617 1986 suut
630 1923 756 2004 quidem
769 1923 843 1985 satis
862 1943 985 2000 muarae,
1000 1922 1118 1988 fructus

165 2019 270 2070 autem
284 2007 490 2070 dulcissimus.

207 2091 380 2155 Literarum
408 2091 509 2153 studia
541 2111 596 2171 per
627 2111 660 2153 sc
689 2090 829 2174 jucunda
850 2102 930 2168 sunt,
950 2090 1117 2173 multiplici

166 2175 249 2238 enim
262 2175 419 2256 voluptate
434 2195 541 2236 curam
556 2184 738 2236 nostramet
752 2174 891 2236 laborem
902 2182 1116 2256 compensant.

208 2259 273 2326 Qui
288 2259 320 2320 in
335 2258 491 2340 praeolaris
506 2258 598 2320 rebus
620 2279 707 2318 suam
731 2257 913 2319 iudustriam
931 2266 1066 2331 exercet,
1081 2255 1117 2332 is',

166 2340 214 2404 vel
230 2343 255 2403 si
270 2363 357 2423 spem
371 2341 494 2404 fortuna
509 2341 641 2416 frustret,
655 2339 739 2402 omni
762 2339 853 2402 laude
874 2360 938 2402 nou
951 2349 999 2402 ast
1012 2337 1119 2402 exclu-

165 2425 295 2488 dendus.

209 2509 330 2571 Pudeat
342 2528 406 2586 vos,
421 2509 473 2591 qui
495 2508 602 2570 Musas
623 2505 736 2582 colitis,
758 2506 862 2569 tardos
885 2525 954 2568 esse
978 2514 1012 2569 et
1035 2503 1119 2588 supi·

166 2613 243 2671 nos;
264 2593 338 2672 quin
353 2594 454 2674 potius
468 2593 649 2654 immensum
665 2599 793 2672 pectore
808 2589 902 2652 robur
915 2588 1001 2652 alite.

542 2756 743 2811 PROMISSA.

209 2865 292 2934 Qum
308 2873 454 2946 praestare
468 2862 558 2939 nolis,
569 2883 699 2925 caveus
714 2862 884 2944 promittas.
929 2859 1118 2941 Priusquam

166 2949 336 3032 promittas
350 2947 508 3024 delibera3
524 2947 578 3008 sed
589 2947 660 3008 cum
671 2944 856 3027 promiseris,
867 2943 917 3005 sac
928 2954 964 3005 ut
978 2954 1117 3024 praestes.

210 3032 458 3094 Fundamentum
469 3029 595 3112 justitiae
617 3037 665 3090 est
687 3027 785 3107 fides3
806 3026 961 3089 dictorum
982 3046 1118 3091 conveu-

167 3125 315 3195 tuumquc
330 3114 505 3176 constantia
518 3123 551 3174 et
564 3111 686 3174 veritas.

209 3199 323 3262 Omnia
338 3196 472 3279 perdidit
486 3195 539 3276 qui
554 3195 647 3258 fidem
661 3194 806 3277 perdidit.
834 3219 838 3224 ·

208 3281 329 3345 Parthis
357 3279 443 3343 nulia
471 3279 547 3342 fides
576 3278 635 3341 nisi
664 3279 812 3360 quantum
840 3279 976 3361 expedit,
1005 3274 1118 3356 quibus

166 3365 283 3430 utilitas
297 3375 346 3427 est
360 3384 480 3446 semper
494 3363 555 3425 fide
571 3363 714 3426 sanctior.

121 3455 123 3462 '
208 3449 301 3513 Fides
315 3447 400 3544 nulli
414 3447 443 3511 vi
458 3447 498 3510 ad
512 3445 682 3510 fallendum
700 3447 832 3532 cogitur,
846 3443 934 3509 nullo
948 3440 1118 3528 corrumpi·

134 3569 147 3590 ·
166 3543 215 3599 tur
250 3552 368 3596 raemro.

208 3554 273 3682 Fldc
287 3634 411 3701 magun,
425 3613 470 3679 nil
483 3614 588 3701 magni
602 3613 794 3700 promittens.
