2590 4194
623 345 666 418 81

210 526 315 590 Graeci
330 529 393 591 duo
407 547 523 612 genera
536 525 612 589 ulmi
636 527 769 591 novere:
795 535 979 606 montosam,
998 547 1069 610 quae
1084 527 1124 592 sit

168 610 308 692 arnplior‚
323 623 538 694 campestrem,
553 631 623 692 quae
639 610 797 674 fructuosa
810 611 861 674 sit.

210 693 357 757 Hiemem
383 695 530 777 praesagit
558 695 690 757 hirundo
711 706 776 758 tam
801 694 890 778 juxta
911 715 1025 777 aquam
1045 695 1122 758 voli·

167 786 237 840 tans
251 788 286 841 ut
299 799 417 861 pennas
430 799 515 861 saepe
529 777 696 861 percutiat.

623 906 672 963 11.

209 999 333 1063 Malitia
346 1001 413 1083 ipsa
425 1001 591 1064 maximam
606 1010 725 1082 partem
739 1000 850 1064 veneni
865 1001 912 1063 sui
927 1001 1017 1064 bibit.

209 1084 333 1165 Turpis,
347 1085 400 1166 qui
420 1084 484 1147 alto
505 1085 571 1148 sole
593 1084 785 1148 semisomnis
803 1085 899 1168 jacet,
914 1086 1002 1169 cujus
1016 1084 1121 1170 vigilia

165 1167 270 1229 medio
285 1167 351 1230 sole
366 1169 487 1249 incipit.

207 1249 316 1312 Mente
331 1251 418 1334 vigili
433 1262 520 1314 esto:
542 1249 636 1314 animi
658 1261 802 1314 veternus
820 1273 901 1316 verae
916 1251 1007 1315 morti
1022 1253 1122 1316 affinis

165 1342 405 1497 estilquilalovi
420 1417 592 1496 dedicatur,
613 1417 651 1480 ed
676 1417 760 1498 qudd
784 1419 909 1482 volandi
934 1419 1120 1502 pernicitate

165 1519 236 1562 aves
250 1520 358 1564 omnes
371 1500 517 1563 excellat.

207 1581 298 1646 Elide
337 1581 509 1646 certamina
546 1583 765 1668 quadrigarum
810 1585 944 1666 primdm
978 1585 1121 1649 instituta

164 1675 347 1833 sunScythae,
371 1760 406 1814 ut
439 1749 552 1813 sarnem
576 1747 698 1833 longiirs
726 1749 835 1814 tollere
863 1750 992 1834 possint,
1017 1753 1121 1818 fasciis

165 1843 307 1898 ventrem
321 1834 512 1898 strictissime
527 1833 755 1918 circumligant.

614 1963 662 2020 12.

206 2077 373 2143 Stellarum
385 2076 473 2160 globi
489 2085 578 2140 terrae
592 2075 839 2162 magnitudinem
853 2078 946 2144 facile
961 2093 1118 2166 superant.
1172 2051 1178 2062 ¹

205 2161 318 2226 Parvos
331 2161 495 2244 delphinas
509 2181 630 2244 semper
654 2159 765 2242 aliquis
784 2159 931 2246 grandior
952 2165 1119 2230 comitatur

164 2255 371 2413 utilllbsgdsrirm
395 2351 462 2394 mos
486 2339 533 2392 est
547 2349 610 2390 non
624 2327 751 2389 humare
766 2347 898 2410 corpora
911 2349 1036 2393 suorum
1058 2331 1118 2393 nisi
1173 2311 1177 2319 ⁵

165 2414 269 2478 asena
284 2415 345 2477 sint
358 2426 431 2477 ante
446 2413 572 2476 laniata.
652 2469 654 2474 .

206 2499 307 2561 Linea
320 2509 368 2560 est
381 2497 544 2579 longitudo
559 2493 702 2576 quaedam
717 2493 783 2556 sine
799 2492 973 2558 latitudine.

207 2581 354 2644 Socrates
368 2579 462 2643 totius
476 2577 581 2642 mundi
604 2598 637 2641 se
660 2576 794 2640 incolam
815 2588 847 2641 et
868 2577 969 2642 civem
990 2577 1118 2643 arbitra-

165 2665 266 2729 batur.

576 2793 578 2798 .
613 2749 661 2806 13.

208 2869 426 2949 Anaxagoram
453 2863 564 2941 serunt,
598 2866 746 2928 nunciati
771 2877 871 2930 morte
893 2866 959 2942 filii,
981 2868 1095 2931 dixisse
1107 2893 1117 2947 ;

166 2951 296 3016 Sciebam
310 2972 353 3012 me
366 2947 511 3012 mortulam
521 2948 664 3032 genuisse.

207 3035 342 3100 Tiresias
364 3053 469 3096 eureus
494 3032 596 3094 futura
609 3030 743 3106 videbat,
758 3030 810 3110 qui
826 3030 992 3113 prasentia
1013 3031 1117 3097 videre

165 3138 229 3183 non
266 3117 354 3181 otuit.
673 3161 674 3166 η

207 3140 377 3284 Diiigenes,
393 3197 570 3264 Alexandro
595 3197 725 3279 roganti,
740 3196 765 3260 si
790 3198 864 3278 quid
884 3199 947 3262 sibi
968 3221 1047 3282 opus
1070 3220 1119 3263 es·

165 3295 234 3364 set3
253 3284 346 3347 Nunc
359 3283 472 3368 quidem
480 3280 644 3364 pardulum,
658 3281 767 3360 inquit,
782 3304 801 3343 α
815 3283 873 3344 sole
887 3283 973 3344 absis.

207 3367 324 3432 Thales
338 3367 453 3450 primus
474 3363 683 3426 desectionem
704 3365 787 3440 solis,
802 3374 952 3447 regnante
967 3366 1118 3445 Astyage,

121 3491 122 3494 =
165 3451 344 3535 praedixisse
360 3449 465 3512 fertur.

209 3535 357 3598 Socrates
371 3529 508 3603 execrari
529 3549 602 3592 eum
616 3530 736 3594 solebat
750 3529 802 3611 qui
825 3527 942 3610 primus
951 3527 1119 3594 utilitatem

167 3617 207 3682 ab
221 3618 353 3681 honesto
367 3613 559 3698 sejunxisset.
1113 3647 1115 3652 -
