2570 4180
618 349 661 416 ln

165 545 295 672 auffum
313 527 530 622 circumdedit,
548 547 681 608 cumque
705 527 736 588 in
758 545 849 588 curru
872 546 928 588 suo
949 527 1121 590 secundmn

167 621 365 776 conscgliiiiis
383 705 450 756 erat
464 694 590 777 triginta
611 715 708 757 annos
730 704 831 770 natue,
853 713 950 774 quurn
972 713 1121 756 summam

168 781 388 858 potestatem'a
402 799 475 861 rege
490 778 624 858 accepit.

620 882 670 938 54.

212 974 366 1056 Josepbus
380 975 574 1057 perlustravit
590 995 697 1038 omnes
712 975 839 1058 AEgypti
853 975 1006 1057 regiones,
1020 985 1053 1038 et
1066 995 1121 1056 per

170 1068 290 1154 septem
312 1079 417 1122 annos
434 1059 583 1122 ubertatis
607 1059 765 1140 congessit
788 1058 953 1120 maximam
977 1050 1121 1122 frumenti

170 1161 306 1222 coptam.

214 1225 393 1288 Secuta-est
407 1227 512 1308 inopia
533 1237 652 1308 septem
673 1244 832 1301 annorum,
851 1233 884 1287 et
905 1225 938 1287 in
958 1223 1034 1288 orbe
1055 1223 1121 1286 uni-
1165 1250 1175 1266 ⁴

170 1327 258 1370 verso
273 1307 370 1379 sames
385 1310 631 1391 ingravescebat.

211 1392 304 1454 Tunc
319 1392 468 1475 AEgyptii,
483 1414 560 1474 quos
574 1392 735 1476 premebat
755 1403 889 1476 egestas,
913 1391 1056 1456 adierunt
1075 1413 1122 1454 re-

171 1495 253 1558 gem,
268 1475 459 1557 postulantes
472 1477 588 1539 cibum.

214 1559 306 1626 Quos
320 1558 443 1621 Pharao
457 1560 634 1633 remittebat
648 1559 687 1620 ad
701 1559 881 1640 Josephum.

148 1648 155 1657 '
215 1640 278 1702 Hic
301 1652 406 1703 autern
427 1642 547 1724 aperuit
578 1640 698 1718 horrea,
725 1641 772 1704 et'
786 1641 941 1724 AEgyptiis
974 1641 1122 1705 srurnenta

173 1722 322 1787 vendidit.

215 1910 262 1973 Ex
276 1910 346 1973 aliis
360 1932 483 1992 quoque
498 1909 676 1992 regionibus
695 1909 939 1972 conveniebatur
960 1909 992 1972 in
1007 1907 1125 1992 AEgyp-

173 2004 239 2057 tum
253 1996 292 2056 ad
307 1995 470 2074 emendam
485 2004 651 2056 annonam.
728 2022 736 2036 ·

216 2077 334 2141 Eidem
366 2078 551 2140 necessitate
584 2075 762 2158 compulsus
787 2076 923 2142 Jacobus
944 2076 1029 2140 misit
1050 2075 1124 2138 illuc

174 2161 254 2222 filios
268 2183 350 2224 suos.

217 2244 326 2325 Itaque
349 2244 480 2326 profecti
502 2254 573 2305 sunt
595 2242 702 2305 sratres
724 2243 874 2324 Josephi3
895 2245 950 2306 sed
971 2253 1059 2324 pater
1080 2263 1127 2304 re-

176 2326 266 2390 tinuit
279 2327 363 2389 domi
377 2337 453 2388 natu
467 2326 637 2401 minimum,
652 2326 705 2405 qui
726 2328 897 2388 vocabatur
917 2325 1125 2407 Benjaminus.

217 2411 366 2474 Timebat
379 2410 462 2471 enirn
476 2429 516 2471 ne
531 2409 605 2487 quid
619 2408 692 2470 mali
707 2409 736 2470 ei
752 2408 913 2469 accideret
926 2408 958 2468 in
972 2407 1092 2468 itinere.

218 2493 417 2574 Benjarninus
438 2513 478 2553 ex
498 2491 608 2553 eidem
631 2501 728 2553 matre
751 2501 841 2552 natus
865 2501 932 2553 erat
955 2489 1017 2570 qui
1041 2488 1128 2552 Jose-
1233 2493 1242 2504 ’

175 2575 267 2656 phua,
281 2575 414 2655 ideoque
428 2574 458 2636 ei
477 2572 569 2656 long'e
585 2567 683 2636 carior
696 2585 763 2637 erat
776 2575 868 2655 quam
882 2573 988 2636 caeteri
1010 2571 1126 2636 fratres.

631 2680 681 2737 56.

219 2777 339 2840 Decem
354 2777 470 2854 fratres,
485 2777 538 2839 ubi
554 2777 585 2839 in
600 2787 804 2860 conspectum
828 2777 955 2859 Josephi
969 2787 1129 2854 venerunt,

177 2881 250 2924 eum
265 2861 352 2943 proni
367 2861 503 2922 venerati
519 2871 600 2922 sunt.

220 2944 357 3026 Agnovit
371 2965 424 3006 eos
438 2942 601 3022 (Iosephus,
615 2963 674 3002 nec
691 2943 755 3021 ipse
771 2952 819 3003 est
833 2942 977 3021 cognitus
991 2943 1031 3003 ab
1045 2942 1101 3003 eis.

222 3026 331 3089 Noluit
345 3026 482 3088 indicare
502 3025 606 3085 statim
627 3023 695 3102 quis
717 3034 808 3098 esset,
823 3025 878 3085 sed
892 3044 946 3086 eos
960 3025 1131 3106 interroga-

178 3110 222 3172 vit
236 3119 381 3190 tanquam
396 3107 535 3170 alienos:
557 3107 639 3167 unde
654 3105 788 3186 venistis,
803 3117 836 3168 et
850 3127 912 3186 quo
926 3108 1081 3171 consilio?

222 3193 288 3259 Qui
308 3191 549 3274 responderunt:
581 3189 711 3270 profecti
733 3210 837 3252 sumus
859 3211 877 3252 e
899 3191 1027 3274 regione
1049 3191 1130 3252 Cha-

180 3295 261 3336 naan
274 3282 310 3334 ut
323 3293 460 3335 emamus
475 3271 670 3334 frumentum.

224 3356 297 3418 Non
311 3355 425 3430 aetite,
442 3355 541 3433 inquit
554 3355 723 3437 Josephus3
744 3357 799 3420 sed
814 3356 939 3418 venistis
953 3354 1014 3415 huc
1029 3353 1128 3418 animo

181 3438 306 3502 hostili:
327 3436 418 3531 vultis
439 3437 598 3518 explorare
619 3449 738 3502 nostras
751 3440 844 3500 urbes
865 3446 899 3499 et
919 3437 990 3499 loca
1004 3433 1130 3519 AEgypti

180 3541 290 3606 parum
303 3530 432 3583 munita.

224 3605 267 3668 At
295 3603 361 3666 illi:
387 3602 524 3724 minime,
548 3601 710 3686 inquiunt:
737 3601 815 3666 nihil
837 3603 911 3668 mali
939 3603 1131 3678 meditamur,
